%YAML 1.1
%TAG !u! tag:unity3d.com,2011:
--- !u!29 &1
OcclusionCullingSettings:
  m_ObjectHideFlags: 0
  serializedVersion: 2
  m_OcclusionBakeSettings:
    smallestOccluder: 5
    smallestHole: 0.25
    backfaceThreshold: 100
  m_SceneGUID: 00000000000000000000000000000000
  m_OcclusionCullingData: {fileID: 0}
--- !u!104 &2
RenderSettings:
  m_ObjectHideFlags: 0
  serializedVersion: 8
  m_Fog: 0
  m_FogColor: {r: 0.5, g: 0.5, b: 0.5, a: 1}
  m_FogMode: 3
  m_FogDensity: 0.01
  m_LinearFogStart: 0
  m_LinearFogEnd: 300
  m_AmbientSkyColor: {r: 0.212, g: 0.227, b: 0.259, a: 1}
  m_AmbientEquatorColor: {r: 0.114, g: 0.125, b: 0.133, a: 1}
  m_AmbientGroundColor: {r: 0.047, g: 0.043, b: 0.035, a: 1}
  m_AmbientIntensity: 1
  m_AmbientMode: 3
  m_SubtractiveShadowColor: {r: 0.42, g: 0.478, b: 0.627, a: 1}
  m_SkyboxMaterial: {fileID: 0}
  m_HaloStrength: 0.5
  m_FlareStrength: 1
  m_FlareFadeSpeed: 3
  m_HaloTexture: {fileID: 0}
  m_SpotCookie: {fileID: 10001, guid: 0000000000000000e000000000000000, type: 0}
  m_DefaultReflectionMode: 0
  m_DefaultReflectionResolution: 128
  m_ReflectionBounces: 1
  m_ReflectionIntensity: 1
  m_CustomReflection: {fileID: 0}
  m_Sun: {fileID: 0}
  m_IndirectSpecularColor: {r: 0, g: 0, b: 0, a: 1}
--- !u!157 &3
LightmapSettings:
  m_ObjectHideFlags: 0
  serializedVersion: 11
  m_GIWorkflowMode: 1
  m_GISettings:
    serializedVersion: 2
    m_BounceScale: 1
    m_IndirectOutputScale: 1
    m_AlbedoBoost: 1
    m_TemporalCoherenceThreshold: 1
    m_EnvironmentLightingMode: 0
    m_EnableBakedLightmaps: 0
    m_EnableRealtimeLightmaps: 0
  m_LightmapEditorSettings:
    serializedVersion: 9
    m_Resolution: 2
    m_BakeResolution: 40
    m_TextureWidth: 1024
    m_TextureHeight: 1024
    m_AO: 0
    m_AOMaxDistance: 1
    m_CompAOExponent: 1
    m_CompAOExponentDirect: 0
    m_Padding: 2
    m_LightmapParameters: {fileID: 0}
    m_LightmapsBakeMode: 1
    m_TextureCompression: 1
    m_FinalGather: 0
    m_FinalGatherFiltering: 1
    m_FinalGatherRayCount: 256
    m_ReflectionCompression: 2
    m_MixedBakeMode: 2
    m_BakeBackend: 0
    m_PVRSampling: 1
    m_PVRDirectSampleCount: 32
    m_PVRSampleCount: 500
    m_PVRBounces: 2
    m_PVRFilterTypeDirect: 0
    m_PVRFilterTypeIndirect: 0
    m_PVRFilterTypeAO: 0
    m_PVRFilteringMode: 1
    m_PVRCulling: 1
    m_PVRFilteringGaussRadiusDirect: 1
    m_PVRFilteringGaussRadiusIndirect: 5
    m_PVRFilteringGaussRadiusAO: 2
    m_PVRFilteringAtrousPositionSigmaDirect: 0.5
    m_PVRFilteringAtrousPositionSigmaIndirect: 2
    m_PVRFilteringAtrousPositionSigmaAO: 1
    m_ShowResolutionOverlay: 1
  m_LightingDataAsset: {fileID: 0}
  m_UseShadowmask: 1
--- !u!196 &4
NavMeshSettings:
  serializedVersion: 2
  m_ObjectHideFlags: 0
  m_BuildSettings:
    serializedVersion: 2
    agentTypeID: 0
    agentRadius: 0.5
    agentHeight: 2
    agentSlope: 45
    agentClimb: 0.4
    ledgeDropHeight: 0
    maxJumpAcrossDistance: 0
    minRegionArea: 2
    manualCellSize: 0
    cellSize: 0.16666667
    manualTileSize: 0
    tileSize: 256
    accuratePlacement: 0
    debug:
      m_Flags: 0
  m_NavMeshData: {fileID: 0}
--- !u!1 &22660198
GameObject:
  m_ObjectHideFlags: 0
  m_PrefabParentObject: {fileID: 1918594964817280, guid: b050179ce319e844681c5be864d79a8e,
    type: 2}
  m_PrefabInternal: {fileID: 0}
  serializedVersion: 5
  m_Component:
  - component: {fileID: 22660199}
  - component: {fileID: 22660201}
  - component: {fileID: 22660200}
  m_Layer: 0
  m_Name: Point 1
  m_TagString: Untagged
  m_Icon: {fileID: 0}
  m_NavMeshLayer: 0
  m_StaticEditorFlags: 0
  m_IsActive: 0
--- !u!4 &22660199
Transform:
  m_ObjectHideFlags: 0
  m_PrefabParentObject: {fileID: 4976461831874004, guid: b050179ce319e844681c5be864d79a8e,
    type: 2}
  m_PrefabInternal: {fileID: 0}
  m_GameObject: {fileID: 22660198}
  m_LocalRotation: {x: -0, y: -0, z: -0, w: 1}
  m_LocalPosition: {x: -0.1, y: 10.13, z: 0.07705939}
  m_LocalScale: {x: 1, y: 1, z: 1}
  m_Children: []
  m_Father: {fileID: 1906085271}
  m_RootOrder: 0
  m_LocalEulerAnglesHint: {x: 0, y: 0, z: 0}
--- !u!23 &22660200
MeshRenderer:
  m_ObjectHideFlags: 0
  m_PrefabParentObject: {fileID: 23919860446939588, guid: b050179ce319e844681c5be864d79a8e,
    type: 2}
  m_PrefabInternal: {fileID: 0}
  m_GameObject: {fileID: 22660198}
  m_Enabled: 1
  m_CastShadows: 1
  m_ReceiveShadows: 1
  m_DynamicOccludee: 1
  m_MotionVectors: 1
  m_LightProbeUsage: 1
  m_ReflectionProbeUsage: 1
  m_Materials:
  - {fileID: 10303, guid: 0000000000000000f000000000000000, type: 0}
  m_StaticBatchInfo:
    firstSubMesh: 0
    subMeshCount: 0
  m_StaticBatchRoot: {fileID: 0}
  m_ProbeAnchor: {fileID: 0}
  m_LightProbeVolumeOverride: {fileID: 0}
  m_ScaleInLightmap: 1
  m_PreserveUVs: 1
  m_IgnoreNormalsForChartDetection: 0
  m_ImportantGI: 0
  m_StitchLightmapSeams: 0
  m_SelectedEditorRenderState: 3
  m_MinimumChartSize: 4
  m_AutoUVMaxDistance: 0.5
  m_AutoUVMaxAngle: 89
  m_LightmapParameters: {fileID: 0}
  m_SortingLayerID: 0
  m_SortingLayer: 0
  m_SortingOrder: 0
--- !u!33 &22660201
MeshFilter:
  m_ObjectHideFlags: 0
  m_PrefabParentObject: {fileID: 33898568300042812, guid: b050179ce319e844681c5be864d79a8e,
    type: 2}
  m_PrefabInternal: {fileID: 0}
  m_GameObject: {fileID: 22660198}
  m_Mesh: {fileID: 10202, guid: 0000000000000000e000000000000000, type: 0}
--- !u!1 &34541387
GameObject:
  m_ObjectHideFlags: 0
  m_PrefabParentObject: {fileID: 0}
  m_PrefabInternal: {fileID: 0}
  serializedVersion: 5
  m_Component:
  - component: {fileID: 34541388}
  m_Layer: 0
  m_Name: Bush
  m_TagString: Untagged
  m_Icon: {fileID: 0}
  m_NavMeshLayer: 0
  m_StaticEditorFlags: 0
  m_IsActive: 1
--- !u!4 &34541388
Transform:
  m_ObjectHideFlags: 0
  m_PrefabParentObject: {fileID: 0}
  m_PrefabInternal: {fileID: 0}
  m_GameObject: {fileID: 34541387}
  m_LocalRotation: {x: 0, y: 0, z: 0, w: 1}
  m_LocalPosition: {x: -0.66271204, y: -0.32421723, z: 0.043808106}
  m_LocalScale: {x: 1, y: 1, z: 1}
  m_Children:
  - {fileID: 488024293}
  - {fileID: 2025777349}
  - {fileID: 2060543913}
  - {fileID: 1546964279}
  - {fileID: 77347366}
  - {fileID: 524527052}
  - {fileID: 131347195}
  - {fileID: 957104008}
  - {fileID: 780576863}
  - {fileID: 1418297556}
  - {fileID: 629370033}
  - {fileID: 1046822663}
  m_Father: {fileID: 0}
  m_RootOrder: 14
  m_LocalEulerAnglesHint: {x: 0, y: 0, z: 0}
--- !u!1 &77347365
GameObject:
  m_ObjectHideFlags: 0
  m_PrefabParentObject: {fileID: 0}
  m_PrefabInternal: {fileID: 0}
  serializedVersion: 5
  m_Component:
  - component: {fileID: 77347366}
  - component: {fileID: 77347367}
  m_Layer: 0
  m_Name: Bush circle 1
  m_TagString: Untagged
  m_Icon: {fileID: 0}
  m_NavMeshLayer: 0
  m_StaticEditorFlags: 0
  m_IsActive: 1
--- !u!4 &77347366
Transform:
  m_ObjectHideFlags: 0
  m_PrefabParentObject: {fileID: 0}
  m_PrefabInternal: {fileID: 0}
  m_GameObject: {fileID: 77347365}
  m_LocalRotation: {x: -0, y: -0, z: -0, w: 1}
  m_LocalPosition: {x: -7.03, y: 2.94, z: 0.1046294}
  m_LocalScale: {x: 1, y: 1, z: 1}
  m_Children: []
  m_Father: {fileID: 34541388}
  m_RootOrder: 4
  m_LocalEulerAnglesHint: {x: 0, y: 0, z: 0}
--- !u!58 &77347367
CircleCollider2D:
  m_ObjectHideFlags: 0
  m_PrefabParentObject: {fileID: 0}
  m_PrefabInternal: {fileID: 0}
  m_GameObject: {fileID: 77347365}
  m_Enabled: 1
  m_Density: 1
  m_Material: {fileID: 0}
  m_IsTrigger: 0
  m_UsedByEffector: 0
  m_UsedByComposite: 0
  m_Offset: {x: 0, y: 0}
  serializedVersion: 2
  m_Radius: 0.5
--- !u!1 &107048993
GameObject:
  m_ObjectHideFlags: 0
  m_PrefabParentObject: {fileID: 0}
  m_PrefabInternal: {fileID: 0}
  serializedVersion: 5
  m_Component:
  - component: {fileID: 107048997}
  - component: {fileID: 107048996}
  - component: {fileID: 107048995}
  - component: {fileID: 107048994}
  m_Layer: 0
  m_Name: Main Camera
  m_TagString: MainCamera
  m_Icon: {fileID: 0}
  m_NavMeshLayer: 0
  m_StaticEditorFlags: 0
  m_IsActive: 1
--- !u!81 &107048994
AudioListener:
  m_ObjectHideFlags: 0
  m_PrefabParentObject: {fileID: 0}
  m_PrefabInternal: {fileID: 0}
  m_GameObject: {fileID: 107048993}
  m_Enabled: 1
--- !u!124 &107048995
Behaviour:
  m_ObjectHideFlags: 0
  m_PrefabParentObject: {fileID: 0}
  m_PrefabInternal: {fileID: 0}
  m_GameObject: {fileID: 107048993}
  m_Enabled: 1
--- !u!20 &107048996
Camera:
  m_ObjectHideFlags: 0
  m_PrefabParentObject: {fileID: 0}
  m_PrefabInternal: {fileID: 0}
  m_GameObject: {fileID: 107048993}
  m_Enabled: 1
  serializedVersion: 2
  m_ClearFlags: 1
  m_BackGroundColor: {r: 0.19215687, g: 0.3019608, b: 0.4745098, a: 0}
  m_NormalizedViewPortRect:
    serializedVersion: 2
    x: 0
    y: 0
    width: 1
    height: 1
  near clip plane: 0.3
  far clip plane: 1000
  field of view: 60
  orthographic: 1
  orthographic size: 5
  m_Depth: -1
  m_CullingMask:
    serializedVersion: 2
    m_Bits: 4294967295
  m_RenderingPath: -1
  m_TargetTexture: {fileID: 0}
  m_TargetDisplay: 0
  m_TargetEye: 3
  m_HDR: 1
  m_AllowMSAA: 1
  m_AllowDynamicResolution: 0
  m_ForceIntoRT: 0
  m_OcclusionCulling: 1
  m_StereoConvergence: 10
  m_StereoSeparation: 0.022
--- !u!4 &107048997
Transform:
  m_ObjectHideFlags: 0
  m_PrefabParentObject: {fileID: 0}
  m_PrefabInternal: {fileID: 0}
  m_GameObject: {fileID: 107048993}
  m_LocalRotation: {x: 0, y: 0, z: 0, w: 1}
  m_LocalPosition: {x: 0, y: 0, z: -10}
  m_LocalScale: {x: 1, y: 1, z: 1}
  m_Children: []
  m_Father: {fileID: 0}
  m_RootOrder: 0
  m_LocalEulerAnglesHint: {x: 0, y: 0, z: 0}
--- !u!1 &131347194
GameObject:
  m_ObjectHideFlags: 0
  m_PrefabParentObject: {fileID: 0}
  m_PrefabInternal: {fileID: 0}
  serializedVersion: 5
  m_Component:
  - component: {fileID: 131347195}
  - component: {fileID: 131347196}
  m_Layer: 0
  m_Name: Bush circle 1 (2)
  m_TagString: Untagged
  m_Icon: {fileID: 0}
  m_NavMeshLayer: 0
  m_StaticEditorFlags: 0
  m_IsActive: 1
--- !u!4 &131347195
Transform:
  m_ObjectHideFlags: 0
  m_PrefabParentObject: {fileID: 0}
  m_PrefabInternal: {fileID: 0}
  m_GameObject: {fileID: 131347194}
  m_LocalRotation: {x: -0, y: -0, z: -0, w: 1}
  m_LocalPosition: {x: -4.08, y: 3.87, z: 0.1046294}
  m_LocalScale: {x: 1, y: 1, z: 1}
  m_Children: []
  m_Father: {fileID: 34541388}
  m_RootOrder: 6
  m_LocalEulerAnglesHint: {x: 0, y: 0, z: 0}
--- !u!58 &131347196
CircleCollider2D:
  m_ObjectHideFlags: 0
  m_PrefabParentObject: {fileID: 0}
  m_PrefabInternal: {fileID: 0}
  m_GameObject: {fileID: 131347194}
  m_Enabled: 1
  m_Density: 1
  m_Material: {fileID: 0}
  m_IsTrigger: 0
  m_UsedByEffector: 0
  m_UsedByComposite: 0
  m_Offset: {x: 0, y: 0}
  serializedVersion: 2
  m_Radius: 0.5
--- !u!4 &151133663 stripped
Transform:
  m_PrefabParentObject: {fileID: 4188677846817358, guid: afd46ee581415dd47b140c5cbb7759be,
    type: 2}
  m_PrefabInternal: {fileID: 538296934}
--- !u!1 &199010002
GameObject:
  m_ObjectHideFlags: 0
  m_PrefabParentObject: {fileID: 0}
  m_PrefabInternal: {fileID: 0}
  serializedVersion: 5
  m_Component:
  - component: {fileID: 199010004}
  - component: {fileID: 199010003}
  m_Layer: 0
  m_Name: ParkingSpotBack
  m_TagString: Untagged
  m_Icon: {fileID: 0}
  m_NavMeshLayer: 0
  m_StaticEditorFlags: 0
  m_IsActive: 1
--- !u!212 &199010003
SpriteRenderer:
  m_ObjectHideFlags: 0
  m_PrefabParentObject: {fileID: 0}
  m_PrefabInternal: {fileID: 0}
  m_GameObject: {fileID: 199010002}
  m_Enabled: 1
  m_CastShadows: 0
  m_ReceiveShadows: 0
  m_DynamicOccludee: 1
  m_MotionVectors: 1
  m_LightProbeUsage: 1
  m_ReflectionProbeUsage: 1
  m_Materials:
  - {fileID: 10754, guid: 0000000000000000f000000000000000, type: 0}
  m_StaticBatchInfo:
    firstSubMesh: 0
    subMeshCount: 0
  m_StaticBatchRoot: {fileID: 0}
  m_ProbeAnchor: {fileID: 0}
  m_LightProbeVolumeOverride: {fileID: 0}
  m_ScaleInLightmap: 1
  m_PreserveUVs: 0
  m_IgnoreNormalsForChartDetection: 0
  m_ImportantGI: 0
  m_StitchLightmapSeams: 0
  m_SelectedEditorRenderState: 0
  m_MinimumChartSize: 4
  m_AutoUVMaxDistance: 0.5
  m_AutoUVMaxAngle: 89
  m_LightmapParameters: {fileID: 0}
  m_SortingLayerID: 680400593
  m_SortingLayer: 2
  m_SortingOrder: 0
  m_Sprite: {fileID: 21300000, guid: af0344a1665159d4fbf6e998ac9f6553, type: 3}
  m_Color: {r: 1, g: 1, b: 1, a: 1}
  m_FlipX: 0
  m_FlipY: 0
  m_DrawMode: 0
  m_Size: {x: 3.36, y: 3.36}
  m_AdaptiveModeThreshold: 0.5
  m_SpriteTileMode: 0
  m_WasSpriteAssigned: 1
  m_MaskInteraction: 0
--- !u!4 &199010004
Transform:
  m_ObjectHideFlags: 0
  m_PrefabParentObject: {fileID: 0}
  m_PrefabInternal: {fileID: 0}
  m_GameObject: {fileID: 199010002}
  m_LocalRotation: {x: 0, y: 0, z: -0.7071068, w: 0.7071068}
  m_LocalPosition: {x: 6.87, y: -1.77, z: 0}
  m_LocalScale: {x: 0.581944, y: 0.581944, z: 0.581944}
  m_Children: []
  m_Father: {fileID: 0}
  m_RootOrder: 7
  m_LocalEulerAnglesHint: {x: 0, y: 0, z: -90}
--- !u!1001 &311933853
Prefab:
  m_ObjectHideFlags: 0
  serializedVersion: 2
  m_Modification:
    m_TransformParent: {fileID: 0}
    m_Modifications:
    - target: {fileID: 4154429018685426, guid: d23b58293bad09e4f9ddaa511d133a4a, type: 2}
      propertyPath: m_LocalPosition.x
      value: -0.6211014
      objectReference: {fileID: 0}
    - target: {fileID: 4154429018685426, guid: d23b58293bad09e4f9ddaa511d133a4a, type: 2}
      propertyPath: m_LocalPosition.y
      value: -1.1291841
      objectReference: {fileID: 0}
    - target: {fileID: 4154429018685426, guid: d23b58293bad09e4f9ddaa511d133a4a, type: 2}
      propertyPath: m_LocalPosition.z
      value: 0.0390625
      objectReference: {fileID: 0}
    - target: {fileID: 4154429018685426, guid: d23b58293bad09e4f9ddaa511d133a4a, type: 2}
      propertyPath: m_LocalRotation.x
      value: 0
      objectReference: {fileID: 0}
    - target: {fileID: 4154429018685426, guid: d23b58293bad09e4f9ddaa511d133a4a, type: 2}
      propertyPath: m_LocalRotation.y
      value: 0
      objectReference: {fileID: 0}
    - target: {fileID: 4154429018685426, guid: d23b58293bad09e4f9ddaa511d133a4a, type: 2}
      propertyPath: m_LocalRotation.z
      value: 0
      objectReference: {fileID: 0}
    - target: {fileID: 4154429018685426, guid: d23b58293bad09e4f9ddaa511d133a4a, type: 2}
      propertyPath: m_LocalRotation.w
      value: 1
      objectReference: {fileID: 0}
    - target: {fileID: 4154429018685426, guid: d23b58293bad09e4f9ddaa511d133a4a, type: 2}
      propertyPath: m_RootOrder
      value: 8
      objectReference: {fileID: 0}
    - target: {fileID: 114127957764763834, guid: d23b58293bad09e4f9ddaa511d133a4a,
        type: 2}
      propertyPath: m_CountDownText
      value: 
      objectReference: {fileID: 759574542}
    m_RemovedComponents: []
  m_ParentPrefab: {fileID: 100100000, guid: d23b58293bad09e4f9ddaa511d133a4a, type: 2}
  m_IsPrefabParent: 0
--- !u!1 &391091545
GameObject:
  m_ObjectHideFlags: 0
  m_PrefabParentObject: {fileID: 0}
  m_PrefabInternal: {fileID: 0}
  serializedVersion: 5
  m_Component:
  - component: {fileID: 391091547}
  - component: {fileID: 391091546}
  m_Layer: 0
  m_Name: LVL2
  m_TagString: Untagged
  m_Icon: {fileID: 0}
  m_NavMeshLayer: 0
  m_StaticEditorFlags: 0
  m_IsActive: 1
--- !u!212 &391091546
SpriteRenderer:
  m_ObjectHideFlags: 0
  m_PrefabParentObject: {fileID: 0}
  m_PrefabInternal: {fileID: 0}
  m_GameObject: {fileID: 391091545}
  m_Enabled: 1
  m_CastShadows: 0
  m_ReceiveShadows: 0
  m_DynamicOccludee: 1
  m_MotionVectors: 1
  m_LightProbeUsage: 1
  m_ReflectionProbeUsage: 1
  m_Materials:
  - {fileID: 10754, guid: 0000000000000000f000000000000000, type: 0}
  m_StaticBatchInfo:
    firstSubMesh: 0
    subMeshCount: 0
  m_StaticBatchRoot: {fileID: 0}
  m_ProbeAnchor: {fileID: 0}
  m_LightProbeVolumeOverride: {fileID: 0}
  m_ScaleInLightmap: 1
  m_PreserveUVs: 0
  m_IgnoreNormalsForChartDetection: 0
  m_ImportantGI: 0
  m_StitchLightmapSeams: 0
  m_SelectedEditorRenderState: 0
  m_MinimumChartSize: 4
  m_AutoUVMaxDistance: 0.5
  m_AutoUVMaxAngle: 89
  m_LightmapParameters: {fileID: 0}
  m_SortingLayerID: 0
  m_SortingLayer: 0
  m_SortingOrder: 0
  m_Sprite: {fileID: 21300000, guid: f816e14f4cc96f0428970b824a1d8612, type: 3}
  m_Color: {r: 1, g: 1, b: 1, a: 1}
  m_FlipX: 0
  m_FlipY: 0
  m_DrawMode: 0
  m_Size: {x: 19.2, y: 10.8}
  m_AdaptiveModeThreshold: 0.5
  m_SpriteTileMode: 0
  m_WasSpriteAssigned: 1
  m_MaskInteraction: 0
--- !u!4 &391091547
Transform:
  m_ObjectHideFlags: 0
  m_PrefabParentObject: {fileID: 0}
  m_PrefabInternal: {fileID: 0}
  m_GameObject: {fileID: 391091545}
  m_LocalRotation: {x: 0, y: 0, z: 0, w: 1}
  m_LocalPosition: {x: -0.01, y: 0.01, z: 0}
  m_LocalScale: {x: 0.85312504, y: 0.9375001, z: 1}
  m_Children: []
  m_Father: {fileID: 0}
  m_RootOrder: 10
  m_LocalEulerAnglesHint: {x: 0, y: 0, z: 0}
--- !u!1 &488024292
GameObject:
  m_ObjectHideFlags: 0
  m_PrefabParentObject: {fileID: 0}
  m_PrefabInternal: {fileID: 0}
  serializedVersion: 5
  m_Component:
  - component: {fileID: 488024293}
  - component: {fileID: 488024294}
  m_Layer: 0
  m_Name: Bush 1
  m_TagString: Untagged
  m_Icon: {fileID: 0}
  m_NavMeshLayer: 0
  m_StaticEditorFlags: 0
  m_IsActive: 1
--- !u!4 &488024293
Transform:
  m_ObjectHideFlags: 0
  m_PrefabParentObject: {fileID: 0}
  m_PrefabInternal: {fileID: 0}
  m_GameObject: {fileID: 488024292}
  m_LocalRotation: {x: 0, y: 0, z: 0, w: 1}
  m_LocalPosition: {x: -5.62, y: 4.56, z: 0}
  m_LocalScale: {x: 3.8110075, y: 1.9551558, z: 1}
  m_Children: []
  m_Father: {fileID: 34541388}
  m_RootOrder: 0
  m_LocalEulerAnglesHint: {x: 0, y: 0, z: 0}
--- !u!61 &488024294
BoxCollider2D:
  m_ObjectHideFlags: 0
  m_PrefabParentObject: {fileID: 0}
  m_PrefabInternal: {fileID: 0}
  m_GameObject: {fileID: 488024292}
  m_Enabled: 1
  m_Density: 1
  m_Material: {fileID: 0}
  m_IsTrigger: 0
  m_UsedByEffector: 0
  m_UsedByComposite: 0
  m_Offset: {x: 0, y: 0}
  m_SpriteTilingProperty:
    border: {x: 0, y: 0, z: 0, w: 0}
    pivot: {x: 0, y: 0}
    oldSize: {x: 0, y: 0}
    newSize: {x: 0, y: 0}
    adaptiveTilingThreshold: 0
    drawMode: 0
    adaptiveTiling: 0
  m_AutoTiling: 0
  serializedVersion: 2
  m_Size: {x: 1, y: 1}
  m_EdgeRadius: 0
--- !u!1 &524527051
GameObject:
  m_ObjectHideFlags: 0
  m_PrefabParentObject: {fileID: 0}
  m_PrefabInternal: {fileID: 0}
  serializedVersion: 5
  m_Component:
  - component: {fileID: 524527052}
  - component: {fileID: 524527053}
  m_Layer: 0
  m_Name: Bush circle 1 (1)
  m_TagString: Untagged
  m_Icon: {fileID: 0}
  m_NavMeshLayer: 0
  m_StaticEditorFlags: 0
  m_IsActive: 1
--- !u!4 &524527052
Transform:
  m_ObjectHideFlags: 0
  m_PrefabParentObject: {fileID: 0}
  m_PrefabInternal: {fileID: 0}
  m_GameObject: {fileID: 524527051}
  m_LocalRotation: {x: -0, y: -0, z: -0, w: 1}
  m_LocalPosition: {x: -5.04, y: 3.53, z: 0.1046294}
  m_LocalScale: {x: 1, y: 1, z: 1}
  m_Children: []
  m_Father: {fileID: 34541388}
  m_RootOrder: 5
  m_LocalEulerAnglesHint: {x: 0, y: 0, z: 0}
--- !u!58 &524527053
CircleCollider2D:
  m_ObjectHideFlags: 0
  m_PrefabParentObject: {fileID: 0}
  m_PrefabInternal: {fileID: 0}
  m_GameObject: {fileID: 524527051}
  m_Enabled: 1
  m_Density: 1
  m_Material: {fileID: 0}
  m_IsTrigger: 0
  m_UsedByEffector: 0
  m_UsedByComposite: 0
  m_Offset: {x: 0, y: 0}
  serializedVersion: 2
  m_Radius: 0.5
--- !u!1001 &538296934
Prefab:
  m_ObjectHideFlags: 0
  serializedVersion: 2
  m_Modification:
    m_TransformParent: {fileID: 1121667474}
    m_Modifications:
    - target: {fileID: 4188677846817358, guid: afd46ee581415dd47b140c5cbb7759be, type: 2}
      propertyPath: m_LocalPosition.x
      value: 3.65
      objectReference: {fileID: 0}
    - target: {fileID: 4188677846817358, guid: afd46ee581415dd47b140c5cbb7759be, type: 2}
      propertyPath: m_LocalPosition.y
      value: -1.38
      objectReference: {fileID: 0}
    - target: {fileID: 4188677846817358, guid: afd46ee581415dd47b140c5cbb7759be, type: 2}
      propertyPath: m_LocalPosition.z
      value: 0.07705939
      objectReference: {fileID: 0}
    - target: {fileID: 4188677846817358, guid: afd46ee581415dd47b140c5cbb7759be, type: 2}
      propertyPath: m_LocalRotation.x
      value: -0
      objectReference: {fileID: 0}
    - target: {fileID: 4188677846817358, guid: afd46ee581415dd47b140c5cbb7759be, type: 2}
      propertyPath: m_LocalRotation.y
      value: -0
      objectReference: {fileID: 0}
    - target: {fileID: 4188677846817358, guid: afd46ee581415dd47b140c5cbb7759be, type: 2}
      propertyPath: m_LocalRotation.z
      value: -0
      objectReference: {fileID: 0}
    - target: {fileID: 4188677846817358, guid: afd46ee581415dd47b140c5cbb7759be, type: 2}
      propertyPath: m_LocalRotation.w
      value: 1
      objectReference: {fileID: 0}
    - target: {fileID: 4188677846817358, guid: afd46ee581415dd47b140c5cbb7759be, type: 2}
      propertyPath: m_RootOrder
      value: 0
      objectReference: {fileID: 0}
    m_RemovedComponents: []
  m_ParentPrefab: {fileID: 100100000, guid: afd46ee581415dd47b140c5cbb7759be, type: 2}
  m_IsPrefabParent: 0
--- !u!1 &561845603
GameObject:
  m_ObjectHideFlags: 0
  m_PrefabParentObject: {fileID: 1533356332119312, guid: f7be9bc574992594fb64edf569cdd76b,
    type: 2}
  m_PrefabInternal: {fileID: 1929240156}
  serializedVersion: 5
  m_Component:
  - component: {fileID: 561845604}
  - component: {fileID: 561845607}
  - component: {fileID: 561845606}
  - component: {fileID: 561845605}
  m_Layer: 5
  m_Name: Timers
  m_TagString: Untagged
  m_Icon: {fileID: 0}
  m_NavMeshLayer: 0
  m_StaticEditorFlags: 0
  m_IsActive: 1
--- !u!224 &561845604
RectTransform:
  m_ObjectHideFlags: 0
  m_PrefabParentObject: {fileID: 224987088566791506, guid: f7be9bc574992594fb64edf569cdd76b,
    type: 2}
  m_PrefabInternal: {fileID: 1929240156}
  m_GameObject: {fileID: 561845603}
  m_LocalRotation: {x: 0, y: 0, z: 0, w: 1}
  m_LocalPosition: {x: 0, y: 0, z: 0}
  m_LocalScale: {x: 0, y: 0, z: 0}
  m_Children:
  - {fileID: 1929240163}
  - {fileID: 1929240165}
  m_Father: {fileID: 0}
  m_RootOrder: 5
  m_LocalEulerAnglesHint: {x: 0, y: 0, z: 0}
  m_AnchorMin: {x: 0, y: 0}
  m_AnchorMax: {x: 0, y: 0}
  m_AnchoredPosition: {x: 0, y: 0}
  m_SizeDelta: {x: 0, y: 0}
  m_Pivot: {x: 0, y: 0}
--- !u!114 &561845605
MonoBehaviour:
  m_ObjectHideFlags: 0
  m_PrefabParentObject: {fileID: 114617844251534672, guid: f7be9bc574992594fb64edf569cdd76b,
    type: 2}
  m_PrefabInternal: {fileID: 1929240156}
  m_GameObject: {fileID: 561845603}
  m_Enabled: 1
  m_EditorHideFlags: 0
  m_Script: {fileID: 1301386320, guid: f70555f144d8491a825f0804e09c671c, type: 3}
  m_Name: 
  m_EditorClassIdentifier: 
  m_IgnoreReversedGraphics: 1
  m_BlockingObjects: 0
  m_BlockingMask:
    serializedVersion: 2
    m_Bits: 4294967295
--- !u!114 &561845606
MonoBehaviour:
  m_ObjectHideFlags: 0
  m_PrefabParentObject: {fileID: 114784077223339938, guid: f7be9bc574992594fb64edf569cdd76b,
    type: 2}
  m_PrefabInternal: {fileID: 1929240156}
  m_GameObject: {fileID: 561845603}
  m_Enabled: 1
  m_EditorHideFlags: 0
  m_Script: {fileID: 1980459831, guid: f70555f144d8491a825f0804e09c671c, type: 3}
  m_Name: 
  m_EditorClassIdentifier: 
  m_UiScaleMode: 0
  m_ReferencePixelsPerUnit: 100
  m_ScaleFactor: 1
  m_ReferenceResolution: {x: 800, y: 600}
  m_ScreenMatchMode: 0
  m_MatchWidthOrHeight: 0
  m_PhysicalUnit: 3
  m_FallbackScreenDPI: 96
  m_DefaultSpriteDPI: 96
  m_DynamicPixelsPerUnit: 1
--- !u!223 &561845607
Canvas:
  m_ObjectHideFlags: 0
  m_PrefabParentObject: {fileID: 223995741720411386, guid: f7be9bc574992594fb64edf569cdd76b,
    type: 2}
  m_PrefabInternal: {fileID: 1929240156}
  m_GameObject: {fileID: 561845603}
  m_Enabled: 1
  serializedVersion: 3
  m_RenderMode: 0
  m_Camera: {fileID: 0}
  m_PlaneDistance: 100
  m_PixelPerfect: 0
  m_ReceivesEvents: 1
  m_OverrideSorting: 0
  m_OverridePixelPerfect: 0
  m_SortingBucketNormalizedSize: 0
  m_AdditionalShaderChannelsFlag: 0
  m_SortingLayerID: 0
  m_SortingOrder: 0
  m_TargetDisplay: 0
--- !u!1001 &613426673
Prefab:
  m_ObjectHideFlags: 0
  serializedVersion: 2
  m_Modification:
    m_TransformParent: {fileID: 0}
    m_Modifications:
    - target: {fileID: 4080418135306444, guid: 9de83a74a9ed04242a753dc994d7202e, type: 2}
      propertyPath: m_LocalPosition.x
      value: -3.75
      objectReference: {fileID: 0}
    - target: {fileID: 4080418135306444, guid: 9de83a74a9ed04242a753dc994d7202e, type: 2}
      propertyPath: m_LocalPosition.y
      value: -3.19
      objectReference: {fileID: 0}
    - target: {fileID: 4080418135306444, guid: 9de83a74a9ed04242a753dc994d7202e, type: 2}
      propertyPath: m_LocalPosition.z
      value: 0.041968092
      objectReference: {fileID: 0}
    - target: {fileID: 4080418135306444, guid: 9de83a74a9ed04242a753dc994d7202e, type: 2}
      propertyPath: m_LocalRotation.x
      value: -0
      objectReference: {fileID: 0}
    - target: {fileID: 4080418135306444, guid: 9de83a74a9ed04242a753dc994d7202e, type: 2}
      propertyPath: m_LocalRotation.y
      value: -0
      objectReference: {fileID: 0}
    - target: {fileID: 4080418135306444, guid: 9de83a74a9ed04242a753dc994d7202e, type: 2}
      propertyPath: m_LocalRotation.z
      value: -0
      objectReference: {fileID: 0}
    - target: {fileID: 4080418135306444, guid: 9de83a74a9ed04242a753dc994d7202e, type: 2}
      propertyPath: m_LocalRotation.w
      value: 1
      objectReference: {fileID: 0}
    - target: {fileID: 4080418135306444, guid: 9de83a74a9ed04242a753dc994d7202e, type: 2}
      propertyPath: m_RootOrder
      value: 2
      objectReference: {fileID: 0}
    - target: {fileID: 58801821845957708, guid: 9de83a74a9ed04242a753dc994d7202e,
        type: 2}
      propertyPath: m_IsTrigger
      value: 1
      objectReference: {fileID: 0}
    m_RemovedComponents: []
  m_ParentPrefab: {fileID: 100100000, guid: 9de83a74a9ed04242a753dc994d7202e, type: 2}
  m_IsPrefabParent: 0
--- !u!1 &629370032
GameObject:
  m_ObjectHideFlags: 0
  m_PrefabParentObject: {fileID: 0}
  m_PrefabInternal: {fileID: 0}
  serializedVersion: 5
  m_Component:
  - component: {fileID: 629370033}
  - component: {fileID: 629370034}
  m_Layer: 0
  m_Name: Bush circle 1 (5)
  m_TagString: Untagged
  m_Icon: {fileID: 0}
  m_NavMeshLayer: 0
  m_StaticEditorFlags: 0
  m_IsActive: 1
--- !u!4 &629370033
Transform:
  m_ObjectHideFlags: 0
  m_PrefabParentObject: {fileID: 0}
  m_PrefabInternal: {fileID: 0}
  m_GameObject: {fileID: 629370032}
  m_LocalRotation: {x: -0, y: -0, z: -0, w: 1}
  m_LocalPosition: {x: 6.65, y: 3.87, z: 0.1046294}
  m_LocalScale: {x: 1, y: 1, z: 1}
  m_Children: []
  m_Father: {fileID: 34541388}
  m_RootOrder: 10
  m_LocalEulerAnglesHint: {x: 0, y: 0, z: 0}
--- !u!58 &629370034
CircleCollider2D:
  m_ObjectHideFlags: 0
  m_PrefabParentObject: {fileID: 0}
  m_PrefabInternal: {fileID: 0}
  m_GameObject: {fileID: 629370032}
  m_Enabled: 1
  m_Density: 1
  m_Material: {fileID: 0}
  m_IsTrigger: 0
  m_UsedByEffector: 0
  m_UsedByComposite: 0
  m_Offset: {x: 0, y: 0}
  serializedVersion: 2
  m_Radius: 0.5
--- !u!1001 &670020812
Prefab:
  m_ObjectHideFlags: 0
  serializedVersion: 2
  m_Modification:
    m_TransformParent: {fileID: 0}
    m_Modifications:
    - target: {fileID: 4828266304498594, guid: 90b09a4932bd7394f90ac1e73524e04b, type: 2}
      propertyPath: m_LocalPosition.x
      value: 4.31
      objectReference: {fileID: 0}
    - target: {fileID: 4828266304498594, guid: 90b09a4932bd7394f90ac1e73524e04b, type: 2}
      propertyPath: m_LocalPosition.y
      value: -0.12
      objectReference: {fileID: 0}
    - target: {fileID: 4828266304498594, guid: 90b09a4932bd7394f90ac1e73524e04b, type: 2}
      propertyPath: m_LocalPosition.z
      value: 0.041968092
      objectReference: {fileID: 0}
    - target: {fileID: 4828266304498594, guid: 90b09a4932bd7394f90ac1e73524e04b, type: 2}
      propertyPath: m_LocalRotation.x
      value: -0
      objectReference: {fileID: 0}
    - target: {fileID: 4828266304498594, guid: 90b09a4932bd7394f90ac1e73524e04b, type: 2}
      propertyPath: m_LocalRotation.y
      value: -0
      objectReference: {fileID: 0}
    - target: {fileID: 4828266304498594, guid: 90b09a4932bd7394f90ac1e73524e04b, type: 2}
      propertyPath: m_LocalRotation.z
      value: -0.48371258
      objectReference: {fileID: 0}
    - target: {fileID: 4828266304498594, guid: 90b09a4932bd7394f90ac1e73524e04b, type: 2}
      propertyPath: m_LocalRotation.w
      value: 0.8752269
      objectReference: {fileID: 0}
    - target: {fileID: 4828266304498594, guid: 90b09a4932bd7394f90ac1e73524e04b, type: 2}
      propertyPath: m_RootOrder
      value: 3
      objectReference: {fileID: 0}
    - target: {fileID: 4828266304498594, guid: 90b09a4932bd7394f90ac1e73524e04b, type: 2}
      propertyPath: m_LocalEulerAnglesHint.z
      value: -57.856003
      objectReference: {fileID: 0}
    - target: {fileID: 61943963803876962, guid: 90b09a4932bd7394f90ac1e73524e04b,
        type: 2}
      propertyPath: m_IsTrigger
      value: 1
      objectReference: {fileID: 0}
    m_RemovedComponents: []
  m_ParentPrefab: {fileID: 100100000, guid: 90b09a4932bd7394f90ac1e73524e04b, type: 2}
  m_IsPrefabParent: 0
--- !u!114 &759574542
MonoBehaviour:
  m_ObjectHideFlags: 0
  m_PrefabParentObject: {fileID: 114071012728280398, guid: f7be9bc574992594fb64edf569cdd76b,
    type: 2}
  m_PrefabInternal: {fileID: 1929240156}
  m_GameObject: {fileID: 1929240157}
  m_Enabled: 1
  m_EditorHideFlags: 0
  m_Script: {fileID: 708705254, guid: f70555f144d8491a825f0804e09c671c, type: 3}
  m_Name: 
  m_EditorClassIdentifier: 
  m_Material: {fileID: 0}
  m_Color: {r: 0.19607843, g: 0.19607843, b: 0.19607843, a: 1}
  m_RaycastTarget: 1
  m_OnCullStateChanged:
    m_PersistentCalls:
      m_Calls: []
    m_TypeName: UnityEngine.UI.MaskableGraphic+CullStateChangedEvent, UnityEngine.UI,
      Version=1.0.0.0, Culture=neutral, PublicKeyToken=null
  m_FontData:
    m_Font: {fileID: 10102, guid: 0000000000000000e000000000000000, type: 0}
    m_FontSize: 100
    m_FontStyle: 1
    m_BestFit: 1
    m_MinSize: 20
    m_MaxSize: 100
    m_Alignment: 0
    m_AlignByGeometry: 1
    m_RichText: 1
    m_HorizontalOverflow: 1
    m_VerticalOverflow: 0
    m_LineSpacing: 1
  m_Text: Time is up arses
--- !u!1001 &772967132
Prefab:
  m_ObjectHideFlags: 0
  serializedVersion: 2
  m_Modification:
    m_TransformParent: {fileID: 1121667474}
    m_Modifications:
    - target: {fileID: 4188677846817358, guid: afd46ee581415dd47b140c5cbb7759be, type: 2}
      propertyPath: m_LocalPosition.x
      value: 5.28
      objectReference: {fileID: 0}
    - target: {fileID: 4188677846817358, guid: afd46ee581415dd47b140c5cbb7759be, type: 2}
      propertyPath: m_LocalPosition.y
      value: -5.13
      objectReference: {fileID: 0}
    - target: {fileID: 4188677846817358, guid: afd46ee581415dd47b140c5cbb7759be, type: 2}
      propertyPath: m_LocalPosition.z
      value: 0.07705939
      objectReference: {fileID: 0}
    - target: {fileID: 4188677846817358, guid: afd46ee581415dd47b140c5cbb7759be, type: 2}
      propertyPath: m_LocalRotation.x
      value: -0
      objectReference: {fileID: 0}
    - target: {fileID: 4188677846817358, guid: afd46ee581415dd47b140c5cbb7759be, type: 2}
      propertyPath: m_LocalRotation.y
      value: -0
      objectReference: {fileID: 0}
    - target: {fileID: 4188677846817358, guid: afd46ee581415dd47b140c5cbb7759be, type: 2}
      propertyPath: m_LocalRotation.z
      value: -0
      objectReference: {fileID: 0}
    - target: {fileID: 4188677846817358, guid: afd46ee581415dd47b140c5cbb7759be, type: 2}
      propertyPath: m_LocalRotation.w
      value: 1
      objectReference: {fileID: 0}
    - target: {fileID: 4188677846817358, guid: afd46ee581415dd47b140c5cbb7759be, type: 2}
      propertyPath: m_RootOrder
      value: 1
      objectReference: {fileID: 0}
    - target: {fileID: 1613084957772878, guid: afd46ee581415dd47b140c5cbb7759be, type: 2}
      propertyPath: m_Name
      value: Point 1 (2)
      objectReference: {fileID: 0}
    m_RemovedComponents: []
  m_ParentPrefab: {fileID: 100100000, guid: afd46ee581415dd47b140c5cbb7759be, type: 2}
  m_IsPrefabParent: 0
--- !u!1 &780576862
GameObject:
  m_ObjectHideFlags: 0
  m_PrefabParentObject: {fileID: 0}
  m_PrefabInternal: {fileID: 0}
  serializedVersion: 5
  m_Component:
  - component: {fileID: 780576863}
  - component: {fileID: 780576864}
  m_Layer: 0
  m_Name: Bush circle 1 (2)
  m_TagString: Untagged
  m_Icon: {fileID: 0}
  m_NavMeshLayer: 0
  m_StaticEditorFlags: 0
  m_IsActive: 1
--- !u!4 &780576863
Transform:
  m_ObjectHideFlags: 0
  m_PrefabParentObject: {fileID: 0}
  m_PrefabInternal: {fileID: 0}
  m_GameObject: {fileID: 780576862}
  m_LocalRotation: {x: -0, y: -0, z: -0, w: 1}
  m_LocalPosition: {x: -3.38, y: -4.09, z: 0.1046294}
  m_LocalScale: {x: 1, y: 1, z: 1}
  m_Children: []
  m_Father: {fileID: 34541388}
  m_RootOrder: 8
  m_LocalEulerAnglesHint: {x: 0, y: 0, z: 0}
--- !u!58 &780576864
CircleCollider2D:
  m_ObjectHideFlags: 0
  m_PrefabParentObject: {fileID: 0}
  m_PrefabInternal: {fileID: 0}
  m_GameObject: {fileID: 780576862}
  m_Enabled: 1
  m_Density: 1
  m_Material: {fileID: 0}
  m_IsTrigger: 0
  m_UsedByEffector: 0
  m_UsedByComposite: 0
  m_Offset: {x: 0, y: 0}
  serializedVersion: 2
  m_Radius: 0.5
--- !u!1001 &813436223
Prefab:
  m_ObjectHideFlags: 0
  serializedVersion: 2
  m_Modification:
    m_TransformParent: {fileID: 1121667474}
    m_Modifications:
    - target: {fileID: 4188677846817358, guid: afd46ee581415dd47b140c5cbb7759be, type: 2}
      propertyPath: m_LocalPosition.x
      value: 6.22
      objectReference: {fileID: 0}
    - target: {fileID: 4188677846817358, guid: afd46ee581415dd47b140c5cbb7759be, type: 2}
      propertyPath: m_LocalPosition.y
      value: 1.26
      objectReference: {fileID: 0}
    - target: {fileID: 4188677846817358, guid: afd46ee581415dd47b140c5cbb7759be, type: 2}
      propertyPath: m_LocalPosition.z
      value: 0.07705939
      objectReference: {fileID: 0}
    - target: {fileID: 4188677846817358, guid: afd46ee581415dd47b140c5cbb7759be, type: 2}
      propertyPath: m_LocalRotation.x
      value: -0
      objectReference: {fileID: 0}
    - target: {fileID: 4188677846817358, guid: afd46ee581415dd47b140c5cbb7759be, type: 2}
      propertyPath: m_LocalRotation.y
      value: -0
      objectReference: {fileID: 0}
    - target: {fileID: 4188677846817358, guid: afd46ee581415dd47b140c5cbb7759be, type: 2}
      propertyPath: m_LocalRotation.z
      value: -0
      objectReference: {fileID: 0}
    - target: {fileID: 4188677846817358, guid: afd46ee581415dd47b140c5cbb7759be, type: 2}
      propertyPath: m_LocalRotation.w
      value: 1
      objectReference: {fileID: 0}
    - target: {fileID: 4188677846817358, guid: afd46ee581415dd47b140c5cbb7759be, type: 2}
      propertyPath: m_RootOrder
      value: 2
      objectReference: {fileID: 0}
    - target: {fileID: 1613084957772878, guid: afd46ee581415dd47b140c5cbb7759be, type: 2}
      propertyPath: m_Name
      value: Point 1 (3)
      objectReference: {fileID: 0}
    m_RemovedComponents: []
  m_ParentPrefab: {fileID: 100100000, guid: afd46ee581415dd47b140c5cbb7759be, type: 2}
  m_IsPrefabParent: 0
--- !u!1 &957104007
GameObject:
  m_ObjectHideFlags: 0
  m_PrefabParentObject: {fileID: 0}
  m_PrefabInternal: {fileID: 0}
  serializedVersion: 5
  m_Component:
  - component: {fileID: 957104008}
  - component: {fileID: 957104009}
  m_Layer: 0
  m_Name: Bush circle 1 (3)
  m_TagString: Untagged
  m_Icon: {fileID: 0}
  m_NavMeshLayer: 0
  m_StaticEditorFlags: 0
  m_IsActive: 1
--- !u!4 &957104008
Transform:
  m_ObjectHideFlags: 0
  m_PrefabParentObject: {fileID: 0}
  m_PrefabInternal: {fileID: 0}
  m_GameObject: {fileID: 957104007}
  m_LocalRotation: {x: -0, y: -0, z: -0, w: 1}
  m_LocalPosition: {x: -3.71, y: 5.16, z: 0.1046294}
  m_LocalScale: {x: 1, y: 1, z: 1}
  m_Children: []
  m_Father: {fileID: 34541388}
  m_RootOrder: 7
  m_LocalEulerAnglesHint: {x: 0, y: 0, z: 0}
--- !u!58 &957104009
CircleCollider2D:
  m_ObjectHideFlags: 0
  m_PrefabParentObject: {fileID: 0}
  m_PrefabInternal: {fileID: 0}
  m_GameObject: {fileID: 957104007}
  m_Enabled: 1
  m_Density: 1
  m_Material: {fileID: 0}
  m_IsTrigger: 0
  m_UsedByEffector: 0
  m_UsedByComposite: 0
  m_Offset: {x: 0, y: 0}
  serializedVersion: 2
  m_Radius: 0.5
--- !u!1 &991235368
GameObject:
  m_ObjectHideFlags: 0
  m_PrefabParentObject: {fileID: 1864859864271922, guid: b050179ce319e844681c5be864d79a8e,
    type: 2}
  m_PrefabInternal: {fileID: 0}
  serializedVersion: 5
  m_Component:
  - component: {fileID: 991235369}
  - component: {fileID: 991235371}
  - component: {fileID: 991235370}
  m_Layer: 0
  m_Name: Point 2
  m_TagString: Untagged
  m_Icon: {fileID: 0}
  m_NavMeshLayer: 0
  m_StaticEditorFlags: 0
  m_IsActive: 0
--- !u!4 &991235369
Transform:
  m_ObjectHideFlags: 0
  m_PrefabParentObject: {fileID: 4813088373274270, guid: b050179ce319e844681c5be864d79a8e,
    type: 2}
  m_PrefabInternal: {fileID: 0}
  m_GameObject: {fileID: 991235368}
  m_LocalRotation: {x: -0, y: -0, z: -0, w: 1}
  m_LocalPosition: {x: 0.04, y: -14, z: 0.07705939}
  m_LocalScale: {x: 1, y: 1, z: 1}
  m_Children: []
  m_Father: {fileID: 1906085271}
  m_RootOrder: 1
  m_LocalEulerAnglesHint: {x: 0, y: 0, z: 0}
--- !u!23 &991235370
MeshRenderer:
  m_ObjectHideFlags: 0
  m_PrefabParentObject: {fileID: 23221223039818394, guid: b050179ce319e844681c5be864d79a8e,
    type: 2}
  m_PrefabInternal: {fileID: 0}
  m_GameObject: {fileID: 991235368}
  m_Enabled: 1
  m_CastShadows: 1
  m_ReceiveShadows: 1
  m_DynamicOccludee: 1
  m_MotionVectors: 1
  m_LightProbeUsage: 1
  m_ReflectionProbeUsage: 1
  m_Materials:
  - {fileID: 10303, guid: 0000000000000000f000000000000000, type: 0}
  m_StaticBatchInfo:
    firstSubMesh: 0
    subMeshCount: 0
  m_StaticBatchRoot: {fileID: 0}
  m_ProbeAnchor: {fileID: 0}
  m_LightProbeVolumeOverride: {fileID: 0}
  m_ScaleInLightmap: 1
  m_PreserveUVs: 1
  m_IgnoreNormalsForChartDetection: 0
  m_ImportantGI: 0
  m_StitchLightmapSeams: 0
  m_SelectedEditorRenderState: 3
  m_MinimumChartSize: 4
  m_AutoUVMaxDistance: 0.5
  m_AutoUVMaxAngle: 89
  m_LightmapParameters: {fileID: 0}
  m_SortingLayerID: 0
  m_SortingLayer: 0
  m_SortingOrder: 0
--- !u!33 &991235371
MeshFilter:
  m_ObjectHideFlags: 0
  m_PrefabParentObject: {fileID: 33260594158131278, guid: b050179ce319e844681c5be864d79a8e,
    type: 2}
  m_PrefabInternal: {fileID: 0}
  m_GameObject: {fileID: 991235368}
  m_Mesh: {fileID: 10202, guid: 0000000000000000e000000000000000, type: 0}
--- !u!1 &1046822662
GameObject:
  m_ObjectHideFlags: 0
  m_PrefabParentObject: {fileID: 0}
  m_PrefabInternal: {fileID: 0}
  serializedVersion: 5
  m_Component:
  - component: {fileID: 1046822663}
  - component: {fileID: 1046822664}
  m_Layer: 0
  m_Name: Bush circle 1 (6)
  m_TagString: Untagged
  m_Icon: {fileID: 0}
  m_NavMeshLayer: 0
  m_StaticEditorFlags: 0
  m_IsActive: 1
--- !u!4 &1046822663
Transform:
  m_ObjectHideFlags: 0
  m_PrefabParentObject: {fileID: 0}
  m_PrefabInternal: {fileID: 0}
  m_GameObject: {fileID: 1046822662}
  m_LocalRotation: {x: -0, y: -0, z: -0, w: 1}
  m_LocalPosition: {x: 7.9, y: 3.87, z: 0.1046294}
  m_LocalScale: {x: 1, y: 1, z: 1}
  m_Children: []
  m_Father: {fileID: 34541388}
  m_RootOrder: 11
  m_LocalEulerAnglesHint: {x: 0, y: 0, z: 0}
--- !u!58 &1046822664
CircleCollider2D:
  m_ObjectHideFlags: 0
  m_PrefabParentObject: {fileID: 0}
  m_PrefabInternal: {fileID: 0}
  m_GameObject: {fileID: 1046822662}
  m_Enabled: 1
  m_Density: 1
  m_Material: {fileID: 0}
  m_IsTrigger: 0
  m_UsedByEffector: 0
  m_UsedByComposite: 0
  m_Offset: {x: 0, y: 0}
  serializedVersion: 2
  m_Radius: 0.5
--- !u!1 &1121667473
GameObject:
  m_ObjectHideFlags: 0
  m_PrefabParentObject: {fileID: 1437757101619458, guid: b050179ce319e844681c5be864d79a8e,
    type: 2}
  m_PrefabInternal: {fileID: 0}
  serializedVersion: 5
  m_Component:
  - component: {fileID: 1121667474}
  m_Layer: 0
  m_Name: Waypoints (Pedestrian)
  m_TagString: Untagged
  m_Icon: {fileID: 0}
  m_NavMeshLayer: 0
  m_StaticEditorFlags: 0
  m_IsActive: 1
--- !u!4 &1121667474
Transform:
  m_ObjectHideFlags: 0
  m_PrefabParentObject: {fileID: 4908538352560116, guid: b050179ce319e844681c5be864d79a8e,
    type: 2}
  m_PrefabInternal: {fileID: 0}
  m_GameObject: {fileID: 1121667473}
  m_LocalRotation: {x: 0, y: 0, z: 0, w: 1}
  m_LocalPosition: {x: -1.4175329, y: 0.9923501, z: -0.12890625}
  m_LocalScale: {x: 1, y: 1, z: 1}
  m_Children:
  - {fileID: 151133663}
  - {fileID: 1252922883}
  - {fileID: 1892693679}
  m_Father: {fileID: 0}
  m_RootOrder: 11
  m_LocalEulerAnglesHint: {x: 0, y: 0, z: 0}
--- !u!4 &1252922883 stripped
Transform:
  m_PrefabParentObject: {fileID: 4188677846817358, guid: afd46ee581415dd47b140c5cbb7759be,
    type: 2}
  m_PrefabInternal: {fileID: 772967132}
--- !u!1 &1418297555
GameObject:
  m_ObjectHideFlags: 0
  m_PrefabParentObject: {fileID: 0}
  m_PrefabInternal: {fileID: 0}
  serializedVersion: 5
  m_Component:
  - component: {fileID: 1418297556}
  - component: {fileID: 1418297557}
  m_Layer: 0
  m_Name: Bush circle 1 (4)
  m_TagString: Untagged
  m_Icon: {fileID: 0}
  m_NavMeshLayer: 0
  m_StaticEditorFlags: 0
  m_IsActive: 1
--- !u!4 &1418297556
Transform:
  m_ObjectHideFlags: 0
  m_PrefabParentObject: {fileID: 0}
  m_PrefabInternal: {fileID: 0}
  m_GameObject: {fileID: 1418297555}
  m_LocalRotation: {x: -0, y: -0, z: -0, w: 1}
  m_LocalPosition: {x: 5.62, y: -4.2, z: 0.1046294}
  m_LocalScale: {x: 1, y: 1, z: 1}
  m_Children: []
  m_Father: {fileID: 34541388}
  m_RootOrder: 9
  m_LocalEulerAnglesHint: {x: 0, y: 0, z: 0}
--- !u!58 &1418297557
CircleCollider2D:
  m_ObjectHideFlags: 0
  m_PrefabParentObject: {fileID: 0}
  m_PrefabInternal: {fileID: 0}
  m_GameObject: {fileID: 1418297555}
  m_Enabled: 1
  m_Density: 1
  m_Material: {fileID: 0}
  m_IsTrigger: 0
  m_UsedByEffector: 0
  m_UsedByComposite: 0
  m_Offset: {x: 0, y: 0}
  serializedVersion: 2
  m_Radius: 0.5
--- !u!1 &1546964278
GameObject:
  m_ObjectHideFlags: 0
  m_PrefabParentObject: {fileID: 0}
  m_PrefabInternal: {fileID: 0}
  serializedVersion: 5
  m_Component:
  - component: {fileID: 1546964279}
  - component: {fileID: 1546964280}
  m_Layer: 0
  m_Name: Bush 4
  m_TagString: Untagged
  m_Icon: {fileID: 0}
  m_NavMeshLayer: 0
  m_StaticEditorFlags: 0
  m_IsActive: 1
--- !u!4 &1546964279
Transform:
  m_ObjectHideFlags: 0
  m_PrefabParentObject: {fileID: 0}
  m_PrefabInternal: {fileID: 0}
  m_GameObject: {fileID: 1546964278}
  m_LocalRotation: {x: -0, y: -0, z: -0, w: 1}
  m_LocalPosition: {x: 7.73, y: 5.15, z: 0}
  m_LocalScale: {x: 3.81101, y: 1.9551599, z: 1}
  m_Children: []
  m_Father: {fileID: 34541388}
  m_RootOrder: 3
  m_LocalEulerAnglesHint: {x: 0, y: 0, z: 0}
--- !u!61 &1546964280
BoxCollider2D:
  m_ObjectHideFlags: 0
  m_PrefabParentObject: {fileID: 0}
  m_PrefabInternal: {fileID: 0}
  m_GameObject: {fileID: 1546964278}
  m_Enabled: 1
  m_Density: 1
  m_Material: {fileID: 0}
  m_IsTrigger: 0
  m_UsedByEffector: 0
  m_UsedByComposite: 0
  m_Offset: {x: 0, y: 0}
  m_SpriteTilingProperty:
    border: {x: 0, y: 0, z: 0, w: 0}
    pivot: {x: 0, y: 0}
    oldSize: {x: 0, y: 0}
    newSize: {x: 0, y: 0}
    adaptiveTilingThreshold: 0
    drawMode: 0
    adaptiveTiling: 0
  m_AutoTiling: 0
  serializedVersion: 2
  m_Size: {x: 1, y: 1}
  m_EdgeRadius: 0
--- !u!1001 &1564250295
Prefab:
  m_ObjectHideFlags: 0
  serializedVersion: 2
  m_Modification:
    m_TransformParent: {fileID: 0}
    m_Modifications:
    - target: {fileID: 4647280805996636, guid: ba2093071d243d5479e61d490026cb99, type: 2}
      propertyPath: m_LocalPosition.x
      value: 7.73
      objectReference: {fileID: 0}
    - target: {fileID: 4647280805996636, guid: ba2093071d243d5479e61d490026cb99, type: 2}
      propertyPath: m_LocalPosition.y
      value: -2.82
      objectReference: {fileID: 0}
    - target: {fileID: 4647280805996636, guid: ba2093071d243d5479e61d490026cb99, type: 2}
      propertyPath: m_LocalPosition.z
      value: -0.072265625
      objectReference: {fileID: 0}
    - target: {fileID: 4647280805996636, guid: ba2093071d243d5479e61d490026cb99, type: 2}
      propertyPath: m_LocalRotation.x
      value: 0
      objectReference: {fileID: 0}
    - target: {fileID: 4647280805996636, guid: ba2093071d243d5479e61d490026cb99, type: 2}
      propertyPath: m_LocalRotation.y
      value: 0
      objectReference: {fileID: 0}
    - target: {fileID: 4647280805996636, guid: ba2093071d243d5479e61d490026cb99, type: 2}
      propertyPath: m_LocalRotation.z
      value: 0
      objectReference: {fileID: 0}
    - target: {fileID: 4647280805996636, guid: ba2093071d243d5479e61d490026cb99, type: 2}
      propertyPath: m_LocalRotation.w
      value: 1
      objectReference: {fileID: 0}
    - target: {fileID: 4647280805996636, guid: ba2093071d243d5479e61d490026cb99, type: 2}
      propertyPath: m_RootOrder
      value: 4
      objectReference: {fileID: 0}
    - target: {fileID: 114184302044140694, guid: ba2093071d243d5479e61d490026cb99,
        type: 2}
      propertyPath: LoadLevel
      value: Level2
      objectReference: {fileID: 0}
    - target: {fileID: 61794601385515196, guid: ba2093071d243d5479e61d490026cb99,
        type: 2}
      propertyPath: m_UsedByEffector
      value: 0
      objectReference: {fileID: 0}
    - target: {fileID: 4647280805996636, guid: ba2093071d243d5479e61d490026cb99, type: 2}
      propertyPath: m_LocalScale.x
      value: 0.7746777
      objectReference: {fileID: 0}
    - target: {fileID: 4647280805996636, guid: ba2093071d243d5479e61d490026cb99, type: 2}
      propertyPath: m_LocalScale.y
      value: 0.7983902
      objectReference: {fileID: 0}
    - target: {fileID: 4647280805996636, guid: ba2093071d243d5479e61d490026cb99, type: 2}
      propertyPath: m_LocalScale.z
      value: 5.1270113
      objectReference: {fileID: 0}
    m_RemovedComponents: []
  m_ParentPrefab: {fileID: 100100000, guid: ba2093071d243d5479e61d490026cb99, type: 2}
  m_IsPrefabParent: 0
--- !u!1 &1701122762
GameObject:
  m_ObjectHideFlags: 0
  m_PrefabParentObject: {fileID: 1663656045381998, guid: acd8f9b44938652468667d6c2fabfdf0,
    type: 2}
  m_PrefabInternal: {fileID: 0}
  serializedVersion: 5
  m_Component:
  - component: {fileID: 1701122769}
  - component: {fileID: 1701122766}
  - component: {fileID: 1701122764}
  - component: {fileID: 1701122763}
  - component: {fileID: 1701122765}
  - component: {fileID: 1701122767}
  m_Layer: 0
  m_Name: Pedestrian
  m_TagString: Untagged
  m_Icon: {fileID: 0}
  m_NavMeshLayer: 0
  m_StaticEditorFlags: 0
  m_IsActive: 1
--- !u!114 &1701122763
MonoBehaviour:
  m_ObjectHideFlags: 0
  m_PrefabParentObject: {fileID: 114733995894686280, guid: acd8f9b44938652468667d6c2fabfdf0,
    type: 2}
  m_PrefabInternal: {fileID: 0}
  m_GameObject: {fileID: 1701122762}
  m_Enabled: 1
  m_EditorHideFlags: 0
  m_Script: {fileID: 11500000, guid: 068a59b5b321e2444b76c37eadd01d6c, type: 3}
  m_Name: 
  m_EditorClassIdentifier: 
  m_Waypoint:
  - {fileID: 151133663}
  - {fileID: 1252922883}
  - {fileID: 151133663}
  - {fileID: 1892693679}
  m_Speed: 1
  m_CurrentLocation: 0
--- !u!50 &1701122764
Rigidbody2D:
  serializedVersion: 4
  m_ObjectHideFlags: 0
  m_PrefabParentObject: {fileID: 50218629442194732, guid: acd8f9b44938652468667d6c2fabfdf0,
    type: 2}
  m_PrefabInternal: {fileID: 0}
  m_GameObject: {fileID: 1701122762}
  m_BodyType: 0
  m_Simulated: 1
  m_UseFullKinematicContacts: 0
  m_UseAutoMass: 0
  m_Mass: 1
  m_LinearDrag: 0
  m_AngularDrag: 0.05
  m_GravityScale: 0
  m_Material: {fileID: 0}
  m_Interpolate: 0
  m_SleepingMode: 1
  m_CollisionDetection: 0
  m_Constraints: 0
--- !u!61 &1701122765
BoxCollider2D:
  m_ObjectHideFlags: 0
  m_PrefabParentObject: {fileID: 61153334537455124, guid: acd8f9b44938652468667d6c2fabfdf0,
    type: 2}
  m_PrefabInternal: {fileID: 0}
  m_GameObject: {fileID: 1701122762}
  m_Enabled: 1
  m_Density: 1
  m_Material: {fileID: 0}
  m_IsTrigger: 0
  m_UsedByEffector: 0
  m_UsedByComposite: 0
  m_Offset: {x: 0, y: 0}
  m_SpriteTilingProperty:
    border: {x: 0, y: 0, z: 0, w: 0}
    pivot: {x: 0.5, y: 0.5}
    oldSize: {x: 0.67, y: 0.39}
    newSize: {x: 0.67, y: 0.39}
    adaptiveTilingThreshold: 0.5
    drawMode: 0
    adaptiveTiling: 0
  m_AutoTiling: 0
  serializedVersion: 2
  m_Size: {x: 0.67, y: 0.39}
  m_EdgeRadius: 0
--- !u!114 &1701122766
MonoBehaviour:
  m_ObjectHideFlags: 0
  m_PrefabParentObject: {fileID: 114162072816180372, guid: acd8f9b44938652468667d6c2fabfdf0,
    type: 2}
  m_PrefabInternal: {fileID: 0}
  m_GameObject: {fileID: 1701122762}
  m_Enabled: 1
  m_EditorHideFlags: 0
  m_Script: {fileID: 11500000, guid: 61d3ed8e01186c04ea88eec885bdd701, type: 3}
  m_Name: 
  m_EditorClassIdentifier: 
--- !u!212 &1701122767
SpriteRenderer:
  m_ObjectHideFlags: 0
  m_PrefabParentObject: {fileID: 212478466520542606, guid: acd8f9b44938652468667d6c2fabfdf0,
    type: 2}
  m_PrefabInternal: {fileID: 0}
  m_GameObject: {fileID: 1701122762}
  m_Enabled: 1
  m_CastShadows: 0
  m_ReceiveShadows: 0
  m_DynamicOccludee: 1
  m_MotionVectors: 1
  m_LightProbeUsage: 1
  m_ReflectionProbeUsage: 1
  m_Materials:
  - {fileID: 10754, guid: 0000000000000000f000000000000000, type: 0}
  m_StaticBatchInfo:
    firstSubMesh: 0
    subMeshCount: 0
  m_StaticBatchRoot: {fileID: 0}
  m_ProbeAnchor: {fileID: 0}
  m_LightProbeVolumeOverride: {fileID: 0}
  m_ScaleInLightmap: 1
  m_PreserveUVs: 0
  m_IgnoreNormalsForChartDetection: 0
  m_ImportantGI: 0
  m_StitchLightmapSeams: 0
  m_SelectedEditorRenderState: 0
  m_MinimumChartSize: 4
  m_AutoUVMaxDistance: 0.5
  m_AutoUVMaxAngle: 89
  m_LightmapParameters: {fileID: 0}
  m_SortingLayerID: 0
  m_SortingLayer: 0
  m_SortingOrder: 0
  m_Sprite: {fileID: 21300000, guid: 2f914d2c2e1e67e43af15a82413c33a3, type: 3}
  m_Color: {r: 1, g: 1, b: 1, a: 1}
  m_FlipX: 0
  m_FlipY: 0
  m_DrawMode: 0
  m_Size: {x: 0.67, y: 0.39}
  m_AdaptiveModeThreshold: 0.5
  m_SpriteTileMode: 0
  m_WasSpriteAssigned: 1
  m_MaskInteraction: 0
--- !u!4 &1701122769
Transform:
  m_ObjectHideFlags: 0
  m_PrefabParentObject: {fileID: 4018326136234682, guid: acd8f9b44938652468667d6c2fabfdf0,
    type: 2}
  m_PrefabInternal: {fileID: 0}
  m_GameObject: {fileID: 1701122762}
  m_LocalRotation: {x: 0, y: 0, z: 0, w: 1}
  m_LocalPosition: {x: 3.26, y: 1.06, z: -0.05184686}
  m_LocalScale: {x: 1, y: 1, z: 1}
  m_Children: []
  m_Father: {fileID: 0}
  m_RootOrder: 12
  m_LocalEulerAnglesHint: {x: 0, y: 0, z: 0}
--- !u!4 &1892693679 stripped
Transform:
  m_PrefabParentObject: {fileID: 4188677846817358, guid: afd46ee581415dd47b140c5cbb7759be,
    type: 2}
  m_PrefabInternal: {fileID: 813436223}
--- !u!1 &1906085270
GameObject:
  m_ObjectHideFlags: 0
  m_PrefabParentObject: {fileID: 1437757101619458, guid: b050179ce319e844681c5be864d79a8e,
    type: 2}
  m_PrefabInternal: {fileID: 0}
  serializedVersion: 5
  m_Component:
  - component: {fileID: 1906085271}
  m_Layer: 0
  m_Name: Waypoints (Car Red)
  m_TagString: Untagged
  m_Icon: {fileID: 0}
  m_NavMeshLayer: 0
  m_StaticEditorFlags: 0
  m_IsActive: 1
--- !u!4 &1906085271
Transform:
  m_ObjectHideFlags: 0
  m_PrefabParentObject: {fileID: 4908538352560116, guid: b050179ce319e844681c5be864d79a8e,
    type: 2}
  m_PrefabInternal: {fileID: 0}
  m_GameObject: {fileID: 1906085270}
  m_LocalRotation: {x: 0, y: 0, z: 0, w: 1}
  m_LocalPosition: {x: -1.4175329, y: 0.9923501, z: -0.12890625}
  m_LocalScale: {x: 1, y: 1, z: 1}
  m_Children:
  - {fileID: 22660199}
  - {fileID: 991235369}
  m_Father: {fileID: 0}
  m_RootOrder: 9
  m_LocalEulerAnglesHint: {x: 0, y: 0, z: 0}
--- !u!1001 &1929240156
Prefab:
  m_ObjectHideFlags: 0
  serializedVersion: 2
  m_Modification:
    m_TransformParent: {fileID: 0}
    m_Modifications:
    - target: {fileID: 224987088566791506, guid: f7be9bc574992594fb64edf569cdd76b,
        type: 2}
      propertyPath: m_LocalPosition.x
      value: 0
      objectReference: {fileID: 0}
    - target: {fileID: 224987088566791506, guid: f7be9bc574992594fb64edf569cdd76b,
        type: 2}
      propertyPath: m_LocalPosition.y
      value: 0
      objectReference: {fileID: 0}
    - target: {fileID: 224987088566791506, guid: f7be9bc574992594fb64edf569cdd76b,
        type: 2}
      propertyPath: m_LocalPosition.z
      value: 0
      objectReference: {fileID: 0}
    - target: {fileID: 224987088566791506, guid: f7be9bc574992594fb64edf569cdd76b,
        type: 2}
      propertyPath: m_LocalRotation.x
      value: 0
      objectReference: {fileID: 0}
    - target: {fileID: 224987088566791506, guid: f7be9bc574992594fb64edf569cdd76b,
        type: 2}
      propertyPath: m_LocalRotation.y
      value: 0
      objectReference: {fileID: 0}
    - target: {fileID: 224987088566791506, guid: f7be9bc574992594fb64edf569cdd76b,
        type: 2}
      propertyPath: m_LocalRotation.z
      value: 0
      objectReference: {fileID: 0}
    - target: {fileID: 224987088566791506, guid: f7be9bc574992594fb64edf569cdd76b,
        type: 2}
      propertyPath: m_LocalRotation.w
      value: 1
      objectReference: {fileID: 0}
    - target: {fileID: 224987088566791506, guid: f7be9bc574992594fb64edf569cdd76b,
        type: 2}
      propertyPath: m_RootOrder
      value: 5
      objectReference: {fileID: 0}
    - target: {fileID: 224987088566791506, guid: f7be9bc574992594fb64edf569cdd76b,
        type: 2}
      propertyPath: m_AnchoredPosition.x
      value: 0
      objectReference: {fileID: 0}
    - target: {fileID: 224987088566791506, guid: f7be9bc574992594fb64edf569cdd76b,
        type: 2}
      propertyPath: m_AnchoredPosition.y
      value: 0
      objectReference: {fileID: 0}
    - target: {fileID: 224987088566791506, guid: f7be9bc574992594fb64edf569cdd76b,
        type: 2}
      propertyPath: m_SizeDelta.x
      value: 0
      objectReference: {fileID: 0}
    - target: {fileID: 224987088566791506, guid: f7be9bc574992594fb64edf569cdd76b,
        type: 2}
      propertyPath: m_SizeDelta.y
      value: 0
      objectReference: {fileID: 0}
    - target: {fileID: 224987088566791506, guid: f7be9bc574992594fb64edf569cdd76b,
        type: 2}
      propertyPath: m_AnchorMin.x
      value: 0
      objectReference: {fileID: 0}
    - target: {fileID: 224987088566791506, guid: f7be9bc574992594fb64edf569cdd76b,
        type: 2}
      propertyPath: m_AnchorMin.y
      value: 0
      objectReference: {fileID: 0}
    - target: {fileID: 224987088566791506, guid: f7be9bc574992594fb64edf569cdd76b,
        type: 2}
      propertyPath: m_AnchorMax.x
      value: 0
      objectReference: {fileID: 0}
    - target: {fileID: 224987088566791506, guid: f7be9bc574992594fb64edf569cdd76b,
        type: 2}
      propertyPath: m_AnchorMax.y
      value: 0
      objectReference: {fileID: 0}
    - target: {fileID: 224987088566791506, guid: f7be9bc574992594fb64edf569cdd76b,
        type: 2}
      propertyPath: m_Pivot.x
      value: 0
      objectReference: {fileID: 0}
    - target: {fileID: 224987088566791506, guid: f7be9bc574992594fb64edf569cdd76b,
        type: 2}
      propertyPath: m_Pivot.y
      value: 0
      objectReference: {fileID: 0}
    - target: {fileID: 1533356332119312, guid: f7be9bc574992594fb64edf569cdd76b, type: 2}
      propertyPath: m_Name
      value: Timers
      objectReference: {fileID: 0}
    - target: {fileID: 114703589072297642, guid: f7be9bc574992594fb64edf569cdd76b,
        type: 2}
      propertyPath: timeLeft
      value: 30
      objectReference: {fileID: 0}
    m_RemovedComponents: []
  m_ParentPrefab: {fileID: 100100000, guid: f7be9bc574992594fb64edf569cdd76b, type: 2}
  m_IsPrefabParent: 0
--- !u!1 &1929240157
GameObject:
  m_ObjectHideFlags: 0
  m_PrefabParentObject: {fileID: 1654150080002936, guid: f7be9bc574992594fb64edf569cdd76b,
    type: 2}
  m_PrefabInternal: {fileID: 1929240156}
  serializedVersion: 5
  m_Component:
  - component: {fileID: 1929240165}
  - component: {fileID: 1929240164}
  - component: {fileID: 759574542}
  - component: {fileID: 1929240160}
  m_Layer: 5
  m_Name: Timer off screen
  m_TagString: Untagged
  m_Icon: {fileID: 0}
  m_NavMeshLayer: 0
  m_StaticEditorFlags: 0
  m_IsActive: 1
--- !u!114 &1929240158
MonoBehaviour:
  m_ObjectHideFlags: 0
  m_PrefabParentObject: {fileID: 114218123722760112, guid: f7be9bc574992594fb64edf569cdd76b,
    type: 2}
  m_PrefabInternal: {fileID: 1929240156}
  m_GameObject: {fileID: 1929240159}
  m_Enabled: 1
  m_EditorHideFlags: 0
  m_Script: {fileID: 708705254, guid: f70555f144d8491a825f0804e09c671c, type: 3}
  m_Name: 
  m_EditorClassIdentifier: 
  m_Material: {fileID: 0}
  m_Color: {r: 0.19607843, g: 0.19607843, b: 0.19607843, a: 1}
  m_RaycastTarget: 1
  m_OnCullStateChanged:
    m_PersistentCalls:
      m_Calls: []
    m_TypeName: UnityEngine.UI.MaskableGraphic+CullStateChangedEvent, UnityEngine.UI,
      Version=1.0.0.0, Culture=neutral, PublicKeyToken=null
  m_FontData:
    m_Font: {fileID: 10102, guid: 0000000000000000e000000000000000, type: 0}
    m_FontSize: 50
    m_FontStyle: 0
    m_BestFit: 1
    m_MinSize: 5
    m_MaxSize: 50
    m_Alignment: 0
    m_AlignByGeometry: 0
    m_RichText: 1
    m_HorizontalOverflow: 1
    m_VerticalOverflow: 0
    m_LineSpacing: 1
  m_Text: Time is up nerds
--- !u!1 &1929240159
GameObject:
  m_ObjectHideFlags: 0
  m_PrefabParentObject: {fileID: 1415594283008024, guid: f7be9bc574992594fb64edf569cdd76b,
    type: 2}
  m_PrefabInternal: {fileID: 1929240156}
  serializedVersion: 5
  m_Component:
  - component: {fileID: 1929240163}
  - component: {fileID: 1929240162}
  - component: {fileID: 1929240158}
  - component: {fileID: 1929240161}
  m_Layer: 5
  m_Name: Timer in screen
  m_TagString: Untagged
  m_Icon: {fileID: 0}
  m_NavMeshLayer: 0
  m_StaticEditorFlags: 0
  m_IsActive: 1
--- !u!114 &1929240160
MonoBehaviour:
  m_ObjectHideFlags: 0
  m_PrefabParentObject: {fileID: 114405246293423770, guid: f7be9bc574992594fb64edf569cdd76b,
    type: 2}
  m_PrefabInternal: {fileID: 1929240156}
  m_GameObject: {fileID: 1929240157}
  m_Enabled: 1
  m_EditorHideFlags: 0
  m_Script: {fileID: 11500000, guid: 1c5be63d123cb5f49802e7311a6d7768, type: 3}
  m_Name: 
  m_EditorClassIdentifier: 
  timeLeft: 30
  countdownText: {fileID: 1929240158}
--- !u!114 &1929240161
MonoBehaviour:
  m_ObjectHideFlags: 0
  m_PrefabParentObject: {fileID: 114703589072297642, guid: f7be9bc574992594fb64edf569cdd76b,
    type: 2}
  m_PrefabInternal: {fileID: 1929240156}
  m_GameObject: {fileID: 1929240159}
  m_Enabled: 1
  m_EditorHideFlags: 0
  m_Script: {fileID: 11500000, guid: 1c5be63d123cb5f49802e7311a6d7768, type: 3}
  m_Name: 
  m_EditorClassIdentifier: 
  timeLeft: 30
  countdownText: {fileID: 1929240158}
--- !u!222 &1929240162
CanvasRenderer:
  m_ObjectHideFlags: 0
  m_PrefabParentObject: {fileID: 222688615880779042, guid: f7be9bc574992594fb64edf569cdd76b,
    type: 2}
  m_PrefabInternal: {fileID: 1929240156}
  m_GameObject: {fileID: 1929240159}
--- !u!224 &1929240163
RectTransform:
  m_ObjectHideFlags: 0
  m_PrefabParentObject: {fileID: 224281248309679826, guid: f7be9bc574992594fb64edf569cdd76b,
    type: 2}
  m_PrefabInternal: {fileID: 1929240156}
  m_GameObject: {fileID: 1929240159}
  m_LocalRotation: {x: 0, y: 0, z: 0, w: 1}
  m_LocalPosition: {x: 0, y: 0, z: 0}
  m_LocalScale: {x: 1, y: 1, z: 1}
  m_Children: []
  m_Father: {fileID: 561845604}
  m_RootOrder: 0
  m_LocalEulerAnglesHint: {x: 0, y: 0, z: 0}
  m_AnchorMin: {x: 1, y: 1}
  m_AnchorMax: {x: 1, y: 1}
  m_AnchoredPosition: {x: -176, y: -15}
  m_SizeDelta: {x: 160, y: 30}
  m_Pivot: {x: 0.5, y: 0.5}
--- !u!222 &1929240164
CanvasRenderer:
  m_ObjectHideFlags: 0
  m_PrefabParentObject: {fileID: 222345225750339798, guid: f7be9bc574992594fb64edf569cdd76b,
    type: 2}
  m_PrefabInternal: {fileID: 1929240156}
  m_GameObject: {fileID: 1929240157}
--- !u!224 &1929240165
RectTransform:
  m_ObjectHideFlags: 0
  m_PrefabParentObject: {fileID: 224885867744216468, guid: f7be9bc574992594fb64edf569cdd76b,
    type: 2}
  m_PrefabInternal: {fileID: 1929240156}
  m_GameObject: {fileID: 1929240157}
  m_LocalRotation: {x: -0, y: -0, z: -0, w: 1}
  m_LocalPosition: {x: 0, y: 0, z: 0}
  m_LocalScale: {x: 1, y: 1, z: 1}
  m_Children: []
  m_Father: {fileID: 561845604}
  m_RootOrder: 1
  m_LocalEulerAnglesHint: {x: 0, y: 0, z: 0}
  m_AnchorMin: {x: 0.5, y: 1}
  m_AnchorMax: {x: 0.5, y: 1}
  m_AnchoredPosition: {x: 0, y: -15}
  m_SizeDelta: {x: 160, y: 30}
  m_Pivot: {x: 0.5, y: 0.5}
--- !u!1001 &2004034813
Prefab:
  m_ObjectHideFlags: 0
  serializedVersion: 2
  m_Modification:
    m_TransformParent: {fileID: 0}
    m_Modifications:
    - target: {fileID: 4080418135306444, guid: 9de83a74a9ed04242a753dc994d7202e, type: 2}
      propertyPath: m_LocalPosition.x
      value: 4.04
      objectReference: {fileID: 0}
    - target: {fileID: 4080418135306444, guid: 9de83a74a9ed04242a753dc994d7202e, type: 2}
      propertyPath: m_LocalPosition.y
      value: 2.84
      objectReference: {fileID: 0}
    - target: {fileID: 4080418135306444, guid: 9de83a74a9ed04242a753dc994d7202e, type: 2}
      propertyPath: m_LocalPosition.z
      value: 0.041968092
      objectReference: {fileID: 0}
    - target: {fileID: 4080418135306444, guid: 9de83a74a9ed04242a753dc994d7202e, type: 2}
      propertyPath: m_LocalRotation.x
      value: -0
      objectReference: {fileID: 0}
    - target: {fileID: 4080418135306444, guid: 9de83a74a9ed04242a753dc994d7202e, type: 2}
      propertyPath: m_LocalRotation.y
      value: -0
      objectReference: {fileID: 0}
    - target: {fileID: 4080418135306444, guid: 9de83a74a9ed04242a753dc994d7202e, type: 2}
      propertyPath: m_LocalRotation.z
      value: -0
      objectReference: {fileID: 0}
    - target: {fileID: 4080418135306444, guid: 9de83a74a9ed04242a753dc994d7202e, type: 2}
      propertyPath: m_LocalRotation.w
      value: 1
      objectReference: {fileID: 0}
    - target: {fileID: 4080418135306444, guid: 9de83a74a9ed04242a753dc994d7202e, type: 2}
      propertyPath: m_RootOrder
      value: 6
      objectReference: {fileID: 0}
    - target: {fileID: 1547328649070964, guid: 9de83a74a9ed04242a753dc994d7202e, type: 2}
      propertyPath: m_Name
      value: Trashcan 2
      objectReference: {fileID: 0}
    - target: {fileID: 58801821845957708, guid: 9de83a74a9ed04242a753dc994d7202e,
        type: 2}
      propertyPath: m_IsTrigger
      value: 1
      objectReference: {fileID: 0}
    m_RemovedComponents: []
  m_ParentPrefab: {fileID: 100100000, guid: 9de83a74a9ed04242a753dc994d7202e, type: 2}
  m_IsPrefabParent: 0
--- !u!1 &2025777348
GameObject:
  m_ObjectHideFlags: 0
  m_PrefabParentObject: {fileID: 0}
  m_PrefabInternal: {fileID: 0}
  serializedVersion: 5
  m_Component:
  - component: {fileID: 2025777349}
  - component: {fileID: 2025777350}
  m_Layer: 0
  m_Name: Bush 2
  m_TagString: Untagged
  m_Icon: {fileID: 0}
  m_NavMeshLayer: 0
  m_StaticEditorFlags: 0
  m_IsActive: 1
--- !u!4 &2025777349
Transform:
  m_ObjectHideFlags: 0
  m_PrefabParentObject: {fileID: 0}
  m_PrefabInternal: {fileID: 0}
  m_GameObject: {fileID: 2025777348}
  m_LocalRotation: {x: -0, y: -0, z: -0, w: 1}
  m_LocalPosition: {x: -6.2, y: -3.67, z: 0}
  m_LocalScale: {x: 3.81101, y: 1.9551599, z: 1}
  m_Children: []
  m_Father: {fileID: 34541388}
  m_RootOrder: 1
  m_LocalEulerAnglesHint: {x: 0, y: 0, z: 0}
--- !u!61 &2025777350
BoxCollider2D:
  m_ObjectHideFlags: 0
  m_PrefabParentObject: {fileID: 0}
  m_PrefabInternal: {fileID: 0}
  m_GameObject: {fileID: 2025777348}
  m_Enabled: 1
  m_Density: 1
  m_Material: {fileID: 0}
  m_IsTrigger: 0
  m_UsedByEffector: 0
  m_UsedByComposite: 0
  m_Offset: {x: 0, y: 0}
  m_SpriteTilingProperty:
    border: {x: 0, y: 0, z: 0, w: 0}
    pivot: {x: 0, y: 0}
    oldSize: {x: 0, y: 0}
    newSize: {x: 0, y: 0}
    adaptiveTilingThreshold: 0
    drawMode: 0
    adaptiveTiling: 0
  m_AutoTiling: 0
  serializedVersion: 2
  m_Size: {x: 1, y: 1}
  m_EdgeRadius: 0
--- !u!1 &2060543912
GameObject:
  m_ObjectHideFlags: 0
  m_PrefabParentObject: {fileID: 0}
  m_PrefabInternal: {fileID: 0}
  serializedVersion: 5
  m_Component:
  - component: {fileID: 2060543913}
  - component: {fileID: 2060543914}
  m_Layer: 0
  m_Name: Bush 3
  m_TagString: Untagged
  m_Icon: {fileID: 0}
  m_NavMeshLayer: 0
  m_StaticEditorFlags: 0
  m_IsActive: 1
--- !u!4 &2060543913
Transform:
  m_ObjectHideFlags: 0
  m_PrefabParentObject: {fileID: 0}
  m_PrefabInternal: {fileID: 0}
  m_GameObject: {fileID: 2060543912}
  m_LocalRotation: {x: -0, y: -0, z: -0, w: 1}
  m_LocalPosition: {x: 7.73, y: -4.5, z: 0}
  m_LocalScale: {x: 3.81101, y: 1.9551599, z: 1}
  m_Children: []
  m_Father: {fileID: 34541388}
  m_RootOrder: 2
  m_LocalEulerAnglesHint: {x: 0, y: 0, z: 0}
--- !u!61 &2060543914
BoxCollider2D:
  m_ObjectHideFlags: 0
  m_PrefabParentObject: {fileID: 0}
  m_PrefabInternal: {fileID: 0}
  m_GameObject: {fileID: 2060543912}
  m_Enabled: 1
  m_Density: 1
  m_Material: {fileID: 0}
  m_IsTrigger: 0
  m_UsedByEffector: 0
  m_UsedByComposite: 0
  m_Offset: {x: 0, y: 0}
  m_SpriteTilingProperty:
    border: {x: 0, y: 0, z: 0, w: 0}
    pivot: {x: 0, y: 0}
    oldSize: {x: 0, y: 0}
    newSize: {x: 0, y: 0}
    adaptiveTilingThreshold: 0
    drawMode: 0
    adaptiveTiling: 0
  m_AutoTiling: 0
  serializedVersion: 2
  m_Size: {x: 1, y: 1}
  m_EdgeRadius: 0
--- !u!1 &2121127503
GameObject:
  m_ObjectHideFlags: 0
  m_PrefabParentObject: {fileID: 1663656045381998, guid: acd8f9b44938652468667d6c2fabfdf0,
    type: 2}
  m_PrefabInternal: {fileID: 0}
  serializedVersion: 5
  m_Component:
  - component: {fileID: 2121127509}
  - component: {fileID: 2121127508}
  - component: {fileID: 2121127507}
  - component: {fileID: 2121127506}
  - component: {fileID: 2121127505}
  - component: {fileID: 2121127504}
  m_Layer: 0
  m_Name: Red car
  m_TagString: Untagged
  m_Icon: {fileID: 0}
  m_NavMeshLayer: 0
  m_StaticEditorFlags: 0
  m_IsActive: 1
--- !u!61 &2121127504
BoxCollider2D:
  m_ObjectHideFlags: 0
  m_PrefabParentObject: {fileID: 0}
  m_PrefabInternal: {fileID: 0}
  m_GameObject: {fileID: 2121127503}
  m_Enabled: 1
  m_Density: 1
  m_Material: {fileID: 0}
  m_IsTrigger: 1
  m_UsedByEffector: 0
  m_UsedByComposite: 0
  m_Offset: {x: 0, y: 0}
  m_SpriteTilingProperty:
    border: {x: 0, y: 0, z: 0, w: 0}
    pivot: {x: 0.5, y: 0.5}
    oldSize: {x: 1.36, y: 2.62}
    newSize: {x: 0.67, y: 0.39}
    adaptiveTilingThreshold: 0.5
    drawMode: 0
    adaptiveTiling: 0
  m_AutoTiling: 0
  serializedVersion: 2
  m_Size: {x: 1.36, y: 2.62}
  m_EdgeRadius: 0
--- !u!212 &2121127505
SpriteRenderer:
  m_ObjectHideFlags: 0
  m_PrefabParentObject: {fileID: 212478466520542606, guid: acd8f9b44938652468667d6c2fabfdf0,
    type: 2}
  m_PrefabInternal: {fileID: 0}
  m_GameObject: {fileID: 2121127503}
  m_Enabled: 1
  m_CastShadows: 0
  m_ReceiveShadows: 0
  m_DynamicOccludee: 1
  m_MotionVectors: 1
  m_LightProbeUsage: 1
  m_ReflectionProbeUsage: 1
  m_Materials:
  - {fileID: 10754, guid: 0000000000000000f000000000000000, type: 0}
  m_StaticBatchInfo:
    firstSubMesh: 0
    subMeshCount: 0
  m_StaticBatchRoot: {fileID: 0}
  m_ProbeAnchor: {fileID: 0}
  m_LightProbeVolumeOverride: {fileID: 0}
  m_ScaleInLightmap: 1
  m_PreserveUVs: 0
  m_IgnoreNormalsForChartDetection: 0
  m_ImportantGI: 0
  m_StitchLightmapSeams: 0
  m_SelectedEditorRenderState: 0
  m_MinimumChartSize: 4
  m_AutoUVMaxDistance: 0.5
  m_AutoUVMaxAngle: 89
  m_LightmapParameters: {fileID: 0}
  m_SortingLayerID: 0
  m_SortingLayer: 0
  m_SortingOrder: 0
  m_Sprite: {fileID: 21300000, guid: d5a037d970798b44796e01ea67840e25, type: 3}
  m_Color: {r: 1, g: 1, b: 1, a: 1}
  m_FlipX: 0
  m_FlipY: 0
  m_DrawMode: 0
  m_Size: {x: 0.67, y: 0.39}
  m_AdaptiveModeThreshold: 0.5
  m_SpriteTileMode: 0
  m_WasSpriteAssigned: 1
  m_MaskInteraction: 0
--- !u!114 &2121127506
MonoBehaviour:
  m_ObjectHideFlags: 0
  m_PrefabParentObject: {fileID: 114733995894686280, guid: acd8f9b44938652468667d6c2fabfdf0,
    type: 2}
  m_PrefabInternal: {fileID: 0}
  m_GameObject: {fileID: 2121127503}
  m_Enabled: 1
  m_EditorHideFlags: 0
  m_Script: {fileID: 11500000, guid: 068a59b5b321e2444b76c37eadd01d6c, type: 3}
  m_Name: 
  m_EditorClassIdentifier: 
  m_Waypoint:
  - {fileID: 22660199}
  - {fileID: 991235369}
  m_Speed: 5
  m_CurrentLocation: 0
--- !u!50 &2121127507
Rigidbody2D:
  serializedVersion: 4
  m_ObjectHideFlags: 0
  m_PrefabParentObject: {fileID: 50218629442194732, guid: acd8f9b44938652468667d6c2fabfdf0,
    type: 2}
  m_PrefabInternal: {fileID: 0}
  m_GameObject: {fileID: 2121127503}
  m_BodyType: 0
  m_Simulated: 1
  m_UseFullKinematicContacts: 0
  m_UseAutoMass: 0
  m_Mass: 1
  m_LinearDrag: 0
  m_AngularDrag: 0.05
  m_GravityScale: 0
  m_Material: {fileID: 0}
  m_Interpolate: 0
  m_SleepingMode: 1
  m_CollisionDetection: 0
  m_Constraints: 0
--- !u!114 &2121127508
MonoBehaviour:
  m_ObjectHideFlags: 0
  m_PrefabParentObject: {fileID: 114162072816180372, guid: acd8f9b44938652468667d6c2fabfdf0,
    type: 2}
  m_PrefabInternal: {fileID: 0}
  m_GameObject: {fileID: 2121127503}
  m_Enabled: 1
  m_EditorHideFlags: 0
  m_Script: {fileID: 11500000, guid: 61d3ed8e01186c04ea88eec885bdd701, type: 3}
  m_Name: 
  m_EditorClassIdentifier: 
--- !u!4 &2121127509
Transform:
  m_ObjectHideFlags: 0
  m_PrefabParentObject: {fileID: 4018326136234682, guid: acd8f9b44938652468667d6c2fabfdf0,
    type: 2}
  m_PrefabInternal: {fileID: 0}
  m_GameObject: {fileID: 2121127503}
  m_LocalRotation: {x: 0, y: 0, z: 0, w: 1}
  m_LocalPosition: {x: -1.37, y: -3.77, z: -0.05184686}
  m_LocalScale: {x: 1, y: 1, z: 1}
  m_Children: []
  m_Father: {fileID: 0}
  m_RootOrder: 13
  m_LocalEulerAnglesHint: {x: 0, y: 0, z: 0}
--- !u!1001 &2145363351
Prefab:
  m_ObjectHideFlags: 0
  serializedVersion: 2
  m_Modification:
    m_TransformParent: {fileID: 0}
    m_Modifications:
    - target: {fileID: 4421104806925716, guid: 1895904a76154724d8c9530b003a54bb, type: 2}
      propertyPath: m_LocalPosition.x
      value: -7.32
      objectReference: {fileID: 0}
    - target: {fileID: 4421104806925716, guid: 1895904a76154724d8c9530b003a54bb, type: 2}
      propertyPath: m_LocalPosition.y
      value: -0.45
      objectReference: {fileID: 0}
    - target: {fileID: 4421104806925716, guid: 1895904a76154724d8c9530b003a54bb, type: 2}
      propertyPath: m_LocalPosition.z
      value: 0
      objectReference: {fileID: 0}
    - target: {fileID: 4421104806925716, guid: 1895904a76154724d8c9530b003a54bb, type: 2}
      propertyPath: m_LocalRotation.x
      value: 0
      objectReference: {fileID: 0}
    - target: {fileID: 4421104806925716, guid: 1895904a76154724d8c9530b003a54bb, type: 2}
      propertyPath: m_LocalRotation.y
      value: 0
      objectReference: {fileID: 0}
    - target: {fileID: 4421104806925716, guid: 1895904a76154724d8c9530b003a54bb, type: 2}
      propertyPath: m_LocalRotation.z
      value: -0.7071068
      objectReference: {fileID: 0}
    - target: {fileID: 4421104806925716, guid: 1895904a76154724d8c9530b003a54bb, type: 2}
      propertyPath: m_LocalRotation.w
      value: 0.7071068
      objectReference: {fileID: 0}
    - target: {fileID: 4421104806925716, guid: 1895904a76154724d8c9530b003a54bb, type: 2}
      propertyPath: m_RootOrder
      value: 1
      objectReference: {fileID: 0}
    - target: {fileID: 4421104806925716, guid: 1895904a76154724d8c9530b003a54bb, type: 2}
      propertyPath: m_LocalEulerAnglesHint.z
      value: -90
      objectReference: {fileID: 0}
    - target: {fileID: 61938912408161904, guid: 1895904a76154724d8c9530b003a54bb,
        type: 2}
      propertyPath: m_Size.x
      value: 1.3
      objectReference: {fileID: 0}
    - target: {fileID: 61938912408161904, guid: 1895904a76154724d8c9530b003a54bb,
        type: 2}
      propertyPath: m_Size.y
      value: 2.4
      objectReference: {fileID: 0}
    - target: {fileID: 114299289119585406, guid: 1895904a76154724d8c9530b003a54bb,
        type: 2}
      propertyPath: AccelerationPower
      value: 20
      objectReference: {fileID: 0}
    - target: {fileID: 50742655267149012, guid: 1895904a76154724d8c9530b003a54bb,
        type: 2}
      propertyPath: m_LinearDrag
      value: 10
      objectReference: {fileID: 0}
    - target: {fileID: 50742655267149012, guid: 1895904a76154724d8c9530b003a54bb,
        type: 2}
      propertyPath: m_AngularDrag
      value: 0
      objectReference: {fileID: 0}
    m_RemovedComponents: []
  m_ParentPrefab: {fileID: 100100000, guid: 1895904a76154724d8c9530b003a54bb, type: 2}
  m_IsPrefabParent: 0
