%YAML 1.1
%TAG !u! tag:unity3d.com,2011:
--- !u!29 &1
OcclusionCullingSettings:
  m_ObjectHideFlags: 0
  serializedVersion: 2
  m_OcclusionBakeSettings:
    smallestOccluder: 5
    smallestHole: 0.25
    backfaceThreshold: 100
  m_SceneGUID: 00000000000000000000000000000000
  m_OcclusionCullingData: {fileID: 0}
--- !u!104 &2
RenderSettings:
  m_ObjectHideFlags: 0
  serializedVersion: 8
  m_Fog: 0
  m_FogColor: {r: 0.5, g: 0.5, b: 0.5, a: 1}
  m_FogMode: 3
  m_FogDensity: 0.01
  m_LinearFogStart: 0
  m_LinearFogEnd: 300
  m_AmbientSkyColor: {r: 0.212, g: 0.227, b: 0.259, a: 1}
  m_AmbientEquatorColor: {r: 0.114, g: 0.125, b: 0.133, a: 1}
  m_AmbientGroundColor: {r: 0.047, g: 0.043, b: 0.035, a: 1}
  m_AmbientIntensity: 1
  m_AmbientMode: 3
  m_SubtractiveShadowColor: {r: 0.42, g: 0.478, b: 0.627, a: 1}
  m_SkyboxMaterial: {fileID: 0}
  m_HaloStrength: 0.5
  m_FlareStrength: 1
  m_FlareFadeSpeed: 3
  m_HaloTexture: {fileID: 0}
  m_SpotCookie: {fileID: 10001, guid: 0000000000000000e000000000000000, type: 0}
  m_DefaultReflectionMode: 0
  m_DefaultReflectionResolution: 128
  m_ReflectionBounces: 1
  m_ReflectionIntensity: 1
  m_CustomReflection: {fileID: 0}
  m_Sun: {fileID: 0}
  m_IndirectSpecularColor: {r: 0, g: 0, b: 0, a: 1}
--- !u!157 &3
LightmapSettings:
  m_ObjectHideFlags: 0
  serializedVersion: 11
  m_GIWorkflowMode: 1
  m_GISettings:
    serializedVersion: 2
    m_BounceScale: 1
    m_IndirectOutputScale: 1
    m_AlbedoBoost: 1
    m_TemporalCoherenceThreshold: 1
    m_EnvironmentLightingMode: 0
    m_EnableBakedLightmaps: 0
    m_EnableRealtimeLightmaps: 0
  m_LightmapEditorSettings:
    serializedVersion: 9
    m_Resolution: 2
    m_BakeResolution: 40
    m_TextureWidth: 1024
    m_TextureHeight: 1024
    m_AO: 0
    m_AOMaxDistance: 1
    m_CompAOExponent: 1
    m_CompAOExponentDirect: 0
    m_Padding: 2
    m_LightmapParameters: {fileID: 0}
    m_LightmapsBakeMode: 1
    m_TextureCompression: 1
    m_FinalGather: 0
    m_FinalGatherFiltering: 1
    m_FinalGatherRayCount: 256
    m_ReflectionCompression: 2
    m_MixedBakeMode: 2
    m_BakeBackend: 0
    m_PVRSampling: 1
    m_PVRDirectSampleCount: 32
    m_PVRSampleCount: 500
    m_PVRBounces: 2
    m_PVRFilterTypeDirect: 0
    m_PVRFilterTypeIndirect: 0
    m_PVRFilterTypeAO: 0
    m_PVRFilteringMode: 1
    m_PVRCulling: 1
    m_PVRFilteringGaussRadiusDirect: 1
    m_PVRFilteringGaussRadiusIndirect: 5
    m_PVRFilteringGaussRadiusAO: 2
    m_PVRFilteringAtrousPositionSigmaDirect: 0.5
    m_PVRFilteringAtrousPositionSigmaIndirect: 2
    m_PVRFilteringAtrousPositionSigmaAO: 1
    m_ShowResolutionOverlay: 1
  m_LightingDataAsset: {fileID: 0}
  m_UseShadowmask: 1
--- !u!196 &4
NavMeshSettings:
  serializedVersion: 2
  m_ObjectHideFlags: 0
  m_BuildSettings:
    serializedVersion: 2
    agentTypeID: 0
    agentRadius: 0.5
    agentHeight: 2
    agentSlope: 45
    agentClimb: 0.4
    ledgeDropHeight: 0
    maxJumpAcrossDistance: 0
    minRegionArea: 2
    manualCellSize: 0
    cellSize: 0.16666667
    manualTileSize: 0
    tileSize: 256
    accuratePlacement: 0
    debug:
      m_Flags: 0
  m_NavMeshData: {fileID: 0}
--- !u!1 &2047907
GameObject:
  m_ObjectHideFlags: 0
  m_PrefabParentObject: {fileID: 0}
  m_PrefabInternal: {fileID: 0}
  serializedVersion: 5
  m_Component:
  - component: {fileID: 2047908}
  - component: {fileID: 2047910}
  - component: {fileID: 2047909}
  m_Layer: 0
  m_Name: Grass (11)
  m_TagString: Untagged
  m_Icon: {fileID: 0}
  m_NavMeshLayer: 0
  m_StaticEditorFlags: 0
  m_IsActive: 1
--- !u!4 &2047908
Transform:
  m_ObjectHideFlags: 0
  m_PrefabParentObject: {fileID: 0}
  m_PrefabInternal: {fileID: 0}
  m_GameObject: {fileID: 2047907}
  m_LocalRotation: {x: -0, y: -0, z: 0.5176496, w: 0.8555927}
  m_LocalPosition: {x: -0.88999987, y: -1.99, z: 0}
  m_LocalScale: {x: 2.134051, y: 0.38440162, z: 0.6179351}
  m_Children: []
  m_Father: {fileID: 1682790868}
  m_RootOrder: 13
  m_LocalEulerAnglesHint: {x: 0, y: 0, z: 62.349003}
--- !u!61 &2047909
BoxCollider2D:
  m_ObjectHideFlags: 0
  m_PrefabParentObject: {fileID: 0}
  m_PrefabInternal: {fileID: 0}
  m_GameObject: {fileID: 2047907}
  m_Enabled: 1
  m_Density: 1
  m_Material: {fileID: 0}
  m_IsTrigger: 1
  m_UsedByEffector: 0
  m_UsedByComposite: 0
  m_Offset: {x: 0, y: 0}
  m_SpriteTilingProperty:
    border: {x: 0, y: 0, z: 0, w: 0}
    pivot: {x: 0, y: 0}
    oldSize: {x: 0, y: 0}
    newSize: {x: 0, y: 0}
    adaptiveTilingThreshold: 0
    drawMode: 0
    adaptiveTiling: 0
  m_AutoTiling: 0
  serializedVersion: 2
  m_Size: {x: 1, y: 1}
  m_EdgeRadius: 0
--- !u!114 &2047910
MonoBehaviour:
  m_ObjectHideFlags: 0
  m_PrefabParentObject: {fileID: 0}
  m_PrefabInternal: {fileID: 0}
  m_GameObject: {fileID: 2047907}
  m_Enabled: 1
  m_EditorHideFlags: 0
  m_Script: {fileID: 11500000, guid: 61d3ed8e01186c04ea88eec885bdd701, type: 3}
  m_Name: 
  m_EditorClassIdentifier: 
--- !u!4 &24325480 stripped
Transform:
  m_PrefabParentObject: {fileID: 4739660998749182, guid: 685532fd5cc7e9a448566cc96bd48086,
    type: 2}
  m_PrefabInternal: {fileID: 1985332953}
--- !u!1 &119734246 stripped
GameObject:
  m_PrefabParentObject: {fileID: 1975444261527532, guid: be578f2c3fde6784ab1cd7c8f4497d22,
    type: 2}
  m_PrefabInternal: {fileID: 1894158870}
--- !u!212 &119734247
SpriteRenderer:
  m_ObjectHideFlags: 0
  m_PrefabParentObject: {fileID: 0}
  m_PrefabInternal: {fileID: 0}
  m_GameObject: {fileID: 119734246}
  m_Enabled: 1
  m_CastShadows: 0
  m_ReceiveShadows: 0
  m_DynamicOccludee: 1
  m_MotionVectors: 1
  m_LightProbeUsage: 1
  m_ReflectionProbeUsage: 1
  m_Materials:
  - {fileID: 10754, guid: 0000000000000000f000000000000000, type: 0}
  m_StaticBatchInfo:
    firstSubMesh: 0
    subMeshCount: 0
  m_StaticBatchRoot: {fileID: 0}
  m_ProbeAnchor: {fileID: 0}
  m_LightProbeVolumeOverride: {fileID: 0}
  m_ScaleInLightmap: 1
  m_PreserveUVs: 0
  m_IgnoreNormalsForChartDetection: 0
  m_ImportantGI: 0
  m_StitchLightmapSeams: 0
  m_SelectedEditorRenderState: 0
  m_MinimumChartSize: 4
  m_AutoUVMaxDistance: 0.5
  m_AutoUVMaxAngle: 89
  m_LightmapParameters: {fileID: 0}
  m_SortingLayerID: 0
  m_SortingLayer: 0
  m_SortingOrder: 0
  m_Sprite: {fileID: 21300000, guid: 2f914d2c2e1e67e43af15a82413c33a3, type: 3}
  m_Color: {r: 1, g: 1, b: 1, a: 1}
  m_FlipX: 0
  m_FlipY: 0
  m_DrawMode: 0
  m_Size: {x: 0.67, y: 0.39}
  m_AdaptiveModeThreshold: 0.5
  m_SpriteTileMode: 0
  m_WasSpriteAssigned: 1
  m_MaskInteraction: 0
--- !u!114 &119734252
MonoBehaviour:
  m_ObjectHideFlags: 0
  m_PrefabParentObject: {fileID: 0}
  m_PrefabInternal: {fileID: 0}
  m_GameObject: {fileID: 119734246}
  m_Enabled: 1
  m_EditorHideFlags: 0
  m_Script: {fileID: 11500000, guid: 61d3ed8e01186c04ea88eec885bdd701, type: 3}
  m_Name: 
  m_EditorClassIdentifier: 
--- !u!1 &222599943
GameObject:
  m_ObjectHideFlags: 0
  m_PrefabParentObject: {fileID: 0}
  m_PrefabInternal: {fileID: 0}
  serializedVersion: 5
  m_Component:
  - component: {fileID: 222599944}
  - component: {fileID: 222599946}
  - component: {fileID: 222599945}
  m_Layer: 0
  m_Name: Grass (3)
  m_TagString: Untagged
  m_Icon: {fileID: 0}
  m_NavMeshLayer: 0
  m_StaticEditorFlags: 0
  m_IsActive: 1
--- !u!4 &222599944
Transform:
  m_ObjectHideFlags: 0
  m_PrefabParentObject: {fileID: 0}
  m_PrefabInternal: {fileID: 0}
  m_GameObject: {fileID: 222599943}
  m_LocalRotation: {x: -0, y: -0, z: -0, w: 1}
  m_LocalPosition: {x: -1.74, y: -3.65, z: 0}
  m_LocalScale: {x: 0.44827524, y: 1.8009961, z: 1}
  m_Children: []
  m_Father: {fileID: 1682790868}
  m_RootOrder: 3
  m_LocalEulerAnglesHint: {x: 0, y: 0, z: 0}
--- !u!61 &222599945
BoxCollider2D:
  m_ObjectHideFlags: 0
  m_PrefabParentObject: {fileID: 0}
  m_PrefabInternal: {fileID: 0}
  m_GameObject: {fileID: 222599943}
  m_Enabled: 1
  m_Density: 1
  m_Material: {fileID: 0}
  m_IsTrigger: 1
  m_UsedByEffector: 0
  m_UsedByComposite: 0
  m_Offset: {x: 0, y: 0}
  m_SpriteTilingProperty:
    border: {x: 0, y: 0, z: 0, w: 0}
    pivot: {x: 0, y: 0}
    oldSize: {x: 0, y: 0}
    newSize: {x: 0, y: 0}
    adaptiveTilingThreshold: 0
    drawMode: 0
    adaptiveTiling: 0
  m_AutoTiling: 0
  serializedVersion: 2
  m_Size: {x: 1, y: 1}
  m_EdgeRadius: 0
--- !u!114 &222599946
MonoBehaviour:
  m_ObjectHideFlags: 0
  m_PrefabParentObject: {fileID: 0}
  m_PrefabInternal: {fileID: 0}
  m_GameObject: {fileID: 222599943}
  m_Enabled: 1
  m_EditorHideFlags: 0
  m_Script: {fileID: 11500000, guid: 61d3ed8e01186c04ea88eec885bdd701, type: 3}
  m_Name: 
  m_EditorClassIdentifier: 
--- !u!1 &328905634
GameObject:
  m_ObjectHideFlags: 0
  m_PrefabParentObject: {fileID: 0}
  m_PrefabInternal: {fileID: 0}
  serializedVersion: 5
  m_Component:
  - component: {fileID: 328905635}
  - component: {fileID: 328905637}
  - component: {fileID: 328905636}
  m_Layer: 0
  m_Name: Grass (13)
  m_TagString: Untagged
  m_Icon: {fileID: 0}
  m_NavMeshLayer: 0
  m_StaticEditorFlags: 0
  m_IsActive: 1
--- !u!4 &328905635
Transform:
  m_ObjectHideFlags: 0
  m_PrefabParentObject: {fileID: 0}
  m_PrefabInternal: {fileID: 0}
  m_GameObject: {fileID: 328905634}
  m_LocalRotation: {x: -0, y: -0, z: -0, w: 1}
  m_LocalPosition: {x: 4.42, y: -10.05, z: 0}
  m_LocalScale: {x: 8.935982, y: 1.34728, z: 1}
  m_Children: []
  m_Father: {fileID: 1682790868}
  m_RootOrder: 15
  m_LocalEulerAnglesHint: {x: 0, y: 0, z: 0}
--- !u!61 &328905636
BoxCollider2D:
  m_ObjectHideFlags: 0
  m_PrefabParentObject: {fileID: 0}
  m_PrefabInternal: {fileID: 0}
  m_GameObject: {fileID: 328905634}
  m_Enabled: 1
  m_Density: 1
  m_Material: {fileID: 0}
  m_IsTrigger: 1
  m_UsedByEffector: 0
  m_UsedByComposite: 0
  m_Offset: {x: 0, y: 0}
  m_SpriteTilingProperty:
    border: {x: 0, y: 0, z: 0, w: 0}
    pivot: {x: 0, y: 0}
    oldSize: {x: 0, y: 0}
    newSize: {x: 0, y: 0}
    adaptiveTilingThreshold: 0
    drawMode: 0
    adaptiveTiling: 0
  m_AutoTiling: 0
  serializedVersion: 2
  m_Size: {x: 1, y: 1}
  m_EdgeRadius: 0
--- !u!114 &328905637
MonoBehaviour:
  m_ObjectHideFlags: 0
  m_PrefabParentObject: {fileID: 0}
  m_PrefabInternal: {fileID: 0}
  m_GameObject: {fileID: 328905634}
  m_Enabled: 1
  m_EditorHideFlags: 0
  m_Script: {fileID: 11500000, guid: 61d3ed8e01186c04ea88eec885bdd701, type: 3}
  m_Name: 
  m_EditorClassIdentifier: 
--- !u!1001 &330292421
Prefab:
  m_ObjectHideFlags: 0
  serializedVersion: 2
  m_Modification:
    m_TransformParent: {fileID: 0}
    m_Modifications:
    - target: {fileID: 114175303595660714, guid: be578f2c3fde6784ab1cd7c8f4497d22,
        type: 2}
      propertyPath: m_Waypoint.Array.size
      value: 4
      objectReference: {fileID: 0}
    - target: {fileID: 4780512004098508, guid: be578f2c3fde6784ab1cd7c8f4497d22, type: 2}
      propertyPath: m_LocalPosition.x
      value: -5.45
      objectReference: {fileID: 0}
    - target: {fileID: 4780512004098508, guid: be578f2c3fde6784ab1cd7c8f4497d22, type: 2}
      propertyPath: m_LocalPosition.y
      value: -3.32
      objectReference: {fileID: 0}
    - target: {fileID: 4780512004098508, guid: be578f2c3fde6784ab1cd7c8f4497d22, type: 2}
      propertyPath: m_LocalPosition.z
      value: -0.05184686
      objectReference: {fileID: 0}
    - target: {fileID: 4780512004098508, guid: be578f2c3fde6784ab1cd7c8f4497d22, type: 2}
      propertyPath: m_LocalRotation.x
      value: 0
      objectReference: {fileID: 0}
    - target: {fileID: 4780512004098508, guid: be578f2c3fde6784ab1cd7c8f4497d22, type: 2}
      propertyPath: m_LocalRotation.y
      value: 0
      objectReference: {fileID: 0}
    - target: {fileID: 4780512004098508, guid: be578f2c3fde6784ab1cd7c8f4497d22, type: 2}
      propertyPath: m_LocalRotation.z
      value: 0
      objectReference: {fileID: 0}
    - target: {fileID: 4780512004098508, guid: be578f2c3fde6784ab1cd7c8f4497d22, type: 2}
      propertyPath: m_LocalRotation.w
      value: 1
      objectReference: {fileID: 0}
    - target: {fileID: 4780512004098508, guid: be578f2c3fde6784ab1cd7c8f4497d22, type: 2}
      propertyPath: m_RootOrder
      value: 1
      objectReference: {fileID: 0}
    - target: {fileID: 1975444261527532, guid: be578f2c3fde6784ab1cd7c8f4497d22, type: 2}
      propertyPath: m_Name
      value: Dog
      objectReference: {fileID: 0}
    - target: {fileID: 4780512004098508, guid: be578f2c3fde6784ab1cd7c8f4497d22, type: 2}
      propertyPath: m_LocalScale.x
      value: 0.69861555
      objectReference: {fileID: 0}
    - target: {fileID: 4780512004098508, guid: be578f2c3fde6784ab1cd7c8f4497d22, type: 2}
      propertyPath: m_LocalScale.y
      value: 0.69861555
      objectReference: {fileID: 0}
    - target: {fileID: 4780512004098508, guid: be578f2c3fde6784ab1cd7c8f4497d22, type: 2}
      propertyPath: m_LocalScale.z
      value: 0.69861555
      objectReference: {fileID: 0}
    - target: {fileID: 61856661747491958, guid: be578f2c3fde6784ab1cd7c8f4497d22,
        type: 2}
      propertyPath: m_IsTrigger
      value: 1
      objectReference: {fileID: 0}
    - target: {fileID: 61856661747491958, guid: be578f2c3fde6784ab1cd7c8f4497d22,
        type: 2}
      propertyPath: m_SpriteTilingProperty.pivot.x
      value: 0.5
      objectReference: {fileID: 0}
    - target: {fileID: 61856661747491958, guid: be578f2c3fde6784ab1cd7c8f4497d22,
        type: 2}
      propertyPath: m_SpriteTilingProperty.pivot.y
      value: 0.5
      objectReference: {fileID: 0}
    - target: {fileID: 61856661747491958, guid: be578f2c3fde6784ab1cd7c8f4497d22,
        type: 2}
      propertyPath: m_SpriteTilingProperty.oldSize.x
      value: 0.88
      objectReference: {fileID: 0}
    - target: {fileID: 61856661747491958, guid: be578f2c3fde6784ab1cd7c8f4497d22,
        type: 2}
      propertyPath: m_SpriteTilingProperty.oldSize.y
      value: 1.86
      objectReference: {fileID: 0}
    - target: {fileID: 61856661747491958, guid: be578f2c3fde6784ab1cd7c8f4497d22,
        type: 2}
      propertyPath: m_SpriteTilingProperty.newSize.x
      value: 0.88
      objectReference: {fileID: 0}
    - target: {fileID: 61856661747491958, guid: be578f2c3fde6784ab1cd7c8f4497d22,
        type: 2}
      propertyPath: m_SpriteTilingProperty.newSize.y
      value: 1.86
      objectReference: {fileID: 0}
    - target: {fileID: 61856661747491958, guid: be578f2c3fde6784ab1cd7c8f4497d22,
        type: 2}
      propertyPath: m_SpriteTilingProperty.adaptiveTilingThreshold
      value: 0.5
      objectReference: {fileID: 0}
    - target: {fileID: 61856661747491958, guid: be578f2c3fde6784ab1cd7c8f4497d22,
        type: 2}
      propertyPath: m_Size.x
      value: 0.88
      objectReference: {fileID: 0}
    - target: {fileID: 61856661747491958, guid: be578f2c3fde6784ab1cd7c8f4497d22,
        type: 2}
      propertyPath: m_Size.y
      value: 1.86
      objectReference: {fileID: 0}
    - target: {fileID: 114175303595660714, guid: be578f2c3fde6784ab1cd7c8f4497d22,
        type: 2}
      propertyPath: m_Waypoint.Array.data[0]
      value: 
      objectReference: {fileID: 436664217}
    - target: {fileID: 114175303595660714, guid: be578f2c3fde6784ab1cd7c8f4497d22,
        type: 2}
      propertyPath: m_Waypoint.Array.data[1]
      value: 
      objectReference: {fileID: 24325480}
    - target: {fileID: 114175303595660714, guid: be578f2c3fde6784ab1cd7c8f4497d22,
        type: 2}
      propertyPath: m_Waypoint.Array.data[2]
      value: 
      objectReference: {fileID: 1826069965}
    - target: {fileID: 114175303595660714, guid: be578f2c3fde6784ab1cd7c8f4497d22,
        type: 2}
      propertyPath: m_Waypoint.Array.data[3]
      value: 
      objectReference: {fileID: 686148837}
    - target: {fileID: 114175303595660714, guid: be578f2c3fde6784ab1cd7c8f4497d22,
        type: 2}
      propertyPath: m_Speed
      value: 4
      objectReference: {fileID: 0}
    m_RemovedComponents:
    - {fileID: 23548820369857860, guid: be578f2c3fde6784ab1cd7c8f4497d22, type: 2}
    - {fileID: 33842128073504592, guid: be578f2c3fde6784ab1cd7c8f4497d22, type: 2}
  m_ParentPrefab: {fileID: 100100000, guid: be578f2c3fde6784ab1cd7c8f4497d22, type: 2}
  m_IsPrefabParent: 0
--- !u!1 &377474128
GameObject:
  m_ObjectHideFlags: 0
  m_PrefabParentObject: {fileID: 0}
  m_PrefabInternal: {fileID: 0}
  serializedVersion: 5
  m_Component:
  - component: {fileID: 377474129}
  - component: {fileID: 377474131}
  - component: {fileID: 377474130}
  m_Layer: 0
  m_Name: Grass (7)
  m_TagString: Untagged
  m_Icon: {fileID: 0}
  m_NavMeshLayer: 0
  m_StaticEditorFlags: 0
  m_IsActive: 1
--- !u!4 &377474129
Transform:
  m_ObjectHideFlags: 0
  m_PrefabParentObject: {fileID: 0}
  m_PrefabInternal: {fileID: 0}
  m_GameObject: {fileID: 377474128}
  m_LocalRotation: {x: -0, y: -0, z: -0, w: 1}
  m_LocalPosition: {x: 12.13, y: -6.79, z: 0}
  m_LocalScale: {x: 1.15684, y: 5.57222, z: 1}
  m_Children: []
  m_Father: {fileID: 1682790868}
  m_RootOrder: 7
  m_LocalEulerAnglesHint: {x: 0, y: 0, z: 0}
--- !u!61 &377474130
BoxCollider2D:
  m_ObjectHideFlags: 0
  m_PrefabParentObject: {fileID: 0}
  m_PrefabInternal: {fileID: 0}
  m_GameObject: {fileID: 377474128}
  m_Enabled: 1
  m_Density: 1
  m_Material: {fileID: 0}
  m_IsTrigger: 1
  m_UsedByEffector: 0
  m_UsedByComposite: 0
  m_Offset: {x: 0, y: 0}
  m_SpriteTilingProperty:
    border: {x: 0, y: 0, z: 0, w: 0}
    pivot: {x: 0, y: 0}
    oldSize: {x: 0, y: 0}
    newSize: {x: 0, y: 0}
    adaptiveTilingThreshold: 0
    drawMode: 0
    adaptiveTiling: 0
  m_AutoTiling: 0
  serializedVersion: 2
  m_Size: {x: 1, y: 1}
  m_EdgeRadius: 0
--- !u!114 &377474131
MonoBehaviour:
  m_ObjectHideFlags: 0
  m_PrefabParentObject: {fileID: 0}
  m_PrefabInternal: {fileID: 0}
  m_GameObject: {fileID: 377474128}
  m_Enabled: 1
  m_EditorHideFlags: 0
  m_Script: {fileID: 11500000, guid: 61d3ed8e01186c04ea88eec885bdd701, type: 3}
  m_Name: 
  m_EditorClassIdentifier: 
--- !u!1 &420311057 stripped
GameObject:
  m_PrefabParentObject: {fileID: 1405672331278896, guid: 222eb95bad8246a49bf823ba13603e62,
    type: 2}
  m_PrefabInternal: {fileID: 423310093}
--- !u!114 &420311059
MonoBehaviour:
  m_ObjectHideFlags: 0
  m_PrefabParentObject: {fileID: 0}
  m_PrefabInternal: {fileID: 0}
  m_GameObject: {fileID: 420311057}
  m_Enabled: 1
  m_EditorHideFlags: 0
  m_Script: {fileID: 11500000, guid: 1c5be63d123cb5f49802e7311a6d7768, type: 3}
  m_Name: 
  m_EditorClassIdentifier: 
  timeLeft: 40
  countdownText: {fileID: 420311060}
--- !u!114 &420311060 stripped
MonoBehaviour:
  m_PrefabParentObject: {fileID: 114917155844285740, guid: 222eb95bad8246a49bf823ba13603e62,
    type: 2}
  m_PrefabInternal: {fileID: 423310093}
  m_Script: {fileID: 708705254, guid: f70555f144d8491a825f0804e09c671c, type: 3}
--- !u!1001 &423310093
Prefab:
  m_ObjectHideFlags: 0
  serializedVersion: 2
  m_Modification:
    m_TransformParent: {fileID: 0}
    m_Modifications:
    - target: {fileID: 224452303042645284, guid: 222eb95bad8246a49bf823ba13603e62,
        type: 2}
      propertyPath: m_LocalPosition.x
      value: 0
      objectReference: {fileID: 0}
    - target: {fileID: 224452303042645284, guid: 222eb95bad8246a49bf823ba13603e62,
        type: 2}
      propertyPath: m_LocalPosition.y
      value: 0
      objectReference: {fileID: 0}
    - target: {fileID: 224452303042645284, guid: 222eb95bad8246a49bf823ba13603e62,
        type: 2}
      propertyPath: m_LocalPosition.z
      value: 0
      objectReference: {fileID: 0}
    - target: {fileID: 224452303042645284, guid: 222eb95bad8246a49bf823ba13603e62,
        type: 2}
      propertyPath: m_LocalRotation.x
      value: 0
      objectReference: {fileID: 0}
    - target: {fileID: 224452303042645284, guid: 222eb95bad8246a49bf823ba13603e62,
        type: 2}
      propertyPath: m_LocalRotation.y
      value: 0
      objectReference: {fileID: 0}
    - target: {fileID: 224452303042645284, guid: 222eb95bad8246a49bf823ba13603e62,
        type: 2}
      propertyPath: m_LocalRotation.z
      value: 0
      objectReference: {fileID: 0}
    - target: {fileID: 224452303042645284, guid: 222eb95bad8246a49bf823ba13603e62,
        type: 2}
      propertyPath: m_LocalRotation.w
      value: 1
      objectReference: {fileID: 0}
    - target: {fileID: 224452303042645284, guid: 222eb95bad8246a49bf823ba13603e62,
        type: 2}
      propertyPath: m_RootOrder
      value: 10
      objectReference: {fileID: 0}
    - target: {fileID: 224452303042645284, guid: 222eb95bad8246a49bf823ba13603e62,
        type: 2}
      propertyPath: m_AnchoredPosition.x
      value: 0
      objectReference: {fileID: 0}
    - target: {fileID: 224452303042645284, guid: 222eb95bad8246a49bf823ba13603e62,
        type: 2}
      propertyPath: m_AnchoredPosition.y
      value: 0
      objectReference: {fileID: 0}
    - target: {fileID: 224452303042645284, guid: 222eb95bad8246a49bf823ba13603e62,
        type: 2}
      propertyPath: m_SizeDelta.x
      value: 0
      objectReference: {fileID: 0}
    - target: {fileID: 224452303042645284, guid: 222eb95bad8246a49bf823ba13603e62,
        type: 2}
      propertyPath: m_SizeDelta.y
      value: 0
      objectReference: {fileID: 0}
    - target: {fileID: 224452303042645284, guid: 222eb95bad8246a49bf823ba13603e62,
        type: 2}
      propertyPath: m_AnchorMin.x
      value: 0
      objectReference: {fileID: 0}
    - target: {fileID: 224452303042645284, guid: 222eb95bad8246a49bf823ba13603e62,
        type: 2}
      propertyPath: m_AnchorMin.y
      value: 0
      objectReference: {fileID: 0}
    - target: {fileID: 224452303042645284, guid: 222eb95bad8246a49bf823ba13603e62,
        type: 2}
      propertyPath: m_AnchorMax.x
      value: 0
      objectReference: {fileID: 0}
    - target: {fileID: 224452303042645284, guid: 222eb95bad8246a49bf823ba13603e62,
        type: 2}
      propertyPath: m_AnchorMax.y
      value: 0
      objectReference: {fileID: 0}
    - target: {fileID: 224452303042645284, guid: 222eb95bad8246a49bf823ba13603e62,
        type: 2}
      propertyPath: m_Pivot.x
      value: 0
      objectReference: {fileID: 0}
    - target: {fileID: 224452303042645284, guid: 222eb95bad8246a49bf823ba13603e62,
        type: 2}
      propertyPath: m_Pivot.y
      value: 0
      objectReference: {fileID: 0}
    m_RemovedComponents: []
  m_ParentPrefab: {fileID: 100100000, guid: 222eb95bad8246a49bf823ba13603e62, type: 2}
  m_IsPrefabParent: 0
--- !u!4 &436664217 stripped
Transform:
  m_PrefabParentObject: {fileID: 4739660998749182, guid: 685532fd5cc7e9a448566cc96bd48086,
    type: 2}
  m_PrefabInternal: {fileID: 765294736}
--- !u!1 &496493058
GameObject:
  m_ObjectHideFlags: 0
  m_PrefabParentObject: {fileID: 0}
  m_PrefabInternal: {fileID: 0}
  serializedVersion: 5
  m_Component:
  - component: {fileID: 496493059}
  - component: {fileID: 496493061}
  - component: {fileID: 496493060}
  m_Layer: 0
  m_Name: Grass (14)
  m_TagString: Untagged
  m_Icon: {fileID: 0}
  m_NavMeshLayer: 0
  m_StaticEditorFlags: 0
  m_IsActive: 1
--- !u!4 &496493059
Transform:
  m_ObjectHideFlags: 0
  m_PrefabParentObject: {fileID: 0}
  m_PrefabInternal: {fileID: 0}
  m_GameObject: {fileID: 496493058}
  m_LocalRotation: {x: 0, y: 0, z: 0, w: 1}
  m_LocalPosition: {x: -0.28, y: -8.96, z: 0}
  m_LocalScale: {x: 0.49324998, y: 1.04473, z: 1}
  m_Children: []
  m_Father: {fileID: 1682790868}
  m_RootOrder: 16
  m_LocalEulerAnglesHint: {x: 0, y: 0, z: 0}
--- !u!61 &496493060
BoxCollider2D:
  m_ObjectHideFlags: 0
  m_PrefabParentObject: {fileID: 0}
  m_PrefabInternal: {fileID: 0}
  m_GameObject: {fileID: 496493058}
  m_Enabled: 1
  m_Density: 1
  m_Material: {fileID: 0}
  m_IsTrigger: 1
  m_UsedByEffector: 0
  m_UsedByComposite: 0
  m_Offset: {x: 0, y: 0}
  m_SpriteTilingProperty:
    border: {x: 0, y: 0, z: 0, w: 0}
    pivot: {x: 0, y: 0}
    oldSize: {x: 0, y: 0}
    newSize: {x: 0, y: 0}
    adaptiveTilingThreshold: 0
    drawMode: 0
    adaptiveTiling: 0
  m_AutoTiling: 0
  serializedVersion: 2
  m_Size: {x: 1, y: 1}
  m_EdgeRadius: 0
--- !u!114 &496493061
MonoBehaviour:
  m_ObjectHideFlags: 0
  m_PrefabParentObject: {fileID: 0}
  m_PrefabInternal: {fileID: 0}
  m_GameObject: {fileID: 496493058}
  m_Enabled: 1
  m_EditorHideFlags: 0
  m_Script: {fileID: 11500000, guid: 61d3ed8e01186c04ea88eec885bdd701, type: 3}
  m_Name: 
  m_EditorClassIdentifier: 
--- !u!1 &582634064
GameObject:
  m_ObjectHideFlags: 0
  m_PrefabParentObject: {fileID: 0}
  m_PrefabInternal: {fileID: 0}
  serializedVersion: 5
  m_Component:
  - component: {fileID: 582634065}
  - component: {fileID: 582634067}
  - component: {fileID: 582634066}
  m_Layer: 0
  m_Name: Grass (10)
  m_TagString: Untagged
  m_Icon: {fileID: 0}
  m_NavMeshLayer: 0
  m_StaticEditorFlags: 0
  m_IsActive: 1
--- !u!4 &582634065
Transform:
  m_ObjectHideFlags: 0
  m_PrefabParentObject: {fileID: 0}
  m_PrefabInternal: {fileID: 0}
  m_GameObject: {fileID: 582634064}
  m_LocalRotation: {x: -0, y: -0, z: -0.48460355, w: 0.8747339}
  m_LocalPosition: {x: 10.79, y: -0.3, z: 0}
  m_LocalScale: {x: 3.4535198, y: 1.34728, z: 1}
  m_Children: []
  m_Father: {fileID: 1682790868}
  m_RootOrder: 12
  m_LocalEulerAnglesHint: {x: 0, y: 0, z: -57.973003}
--- !u!61 &582634066
BoxCollider2D:
  m_ObjectHideFlags: 0
  m_PrefabParentObject: {fileID: 0}
  m_PrefabInternal: {fileID: 0}
  m_GameObject: {fileID: 582634064}
  m_Enabled: 1
  m_Density: 1
  m_Material: {fileID: 0}
  m_IsTrigger: 1
  m_UsedByEffector: 0
  m_UsedByComposite: 0
  m_Offset: {x: 0, y: 0}
  m_SpriteTilingProperty:
    border: {x: 0, y: 0, z: 0, w: 0}
    pivot: {x: 0, y: 0}
    oldSize: {x: 0, y: 0}
    newSize: {x: 0, y: 0}
    adaptiveTilingThreshold: 0
    drawMode: 0
    adaptiveTiling: 0
  m_AutoTiling: 0
  serializedVersion: 2
  m_Size: {x: 1, y: 1}
  m_EdgeRadius: 0
--- !u!114 &582634067
MonoBehaviour:
  m_ObjectHideFlags: 0
  m_PrefabParentObject: {fileID: 0}
  m_PrefabInternal: {fileID: 0}
  m_GameObject: {fileID: 582634064}
  m_Enabled: 1
  m_EditorHideFlags: 0
  m_Script: {fileID: 11500000, guid: 61d3ed8e01186c04ea88eec885bdd701, type: 3}
  m_Name: 
  m_EditorClassIdentifier: 
--- !u!1 &584860020
GameObject:
  m_ObjectHideFlags: 0
  m_PrefabParentObject: {fileID: 0}
  m_PrefabInternal: {fileID: 0}
  serializedVersion: 5
  m_Component:
  - component: {fileID: 584860021}
  - component: {fileID: 584860023}
  - component: {fileID: 584860022}
  m_Layer: 0
  m_Name: Grass (12)
  m_TagString: Untagged
  m_Icon: {fileID: 0}
  m_NavMeshLayer: 0
  m_StaticEditorFlags: 0
  m_IsActive: 1
--- !u!4 &584860021
Transform:
  m_ObjectHideFlags: 0
  m_PrefabParentObject: {fileID: 0}
  m_PrefabInternal: {fileID: 0}
  m_GameObject: {fileID: 584860020}
  m_LocalRotation: {x: -0, y: -0, z: -0, w: 1}
  m_LocalPosition: {x: 7.27, y: -8.69, z: 0}
  m_LocalScale: {x: 0.4885441, y: 1.6649935, z: 0.7082728}
  m_Children: []
  m_Father: {fileID: 1682790868}
  m_RootOrder: 14
  m_LocalEulerAnglesHint: {x: 0, y: 0, z: 0}
--- !u!61 &584860022
BoxCollider2D:
  m_ObjectHideFlags: 0
  m_PrefabParentObject: {fileID: 0}
  m_PrefabInternal: {fileID: 0}
  m_GameObject: {fileID: 584860020}
  m_Enabled: 1
  m_Density: 1
  m_Material: {fileID: 0}
  m_IsTrigger: 1
  m_UsedByEffector: 0
  m_UsedByComposite: 0
  m_Offset: {x: 0, y: 0}
  m_SpriteTilingProperty:
    border: {x: 0, y: 0, z: 0, w: 0}
    pivot: {x: 0, y: 0}
    oldSize: {x: 0, y: 0}
    newSize: {x: 0, y: 0}
    adaptiveTilingThreshold: 0
    drawMode: 0
    adaptiveTiling: 0
  m_AutoTiling: 0
  serializedVersion: 2
  m_Size: {x: 1, y: 1}
  m_EdgeRadius: 0
--- !u!114 &584860023
MonoBehaviour:
  m_ObjectHideFlags: 0
  m_PrefabParentObject: {fileID: 0}
  m_PrefabInternal: {fileID: 0}
  m_GameObject: {fileID: 584860020}
  m_Enabled: 1
  m_EditorHideFlags: 0
  m_Script: {fileID: 11500000, guid: 61d3ed8e01186c04ea88eec885bdd701, type: 3}
  m_Name: 
  m_EditorClassIdentifier: 
--- !u!1001 &589239693
Prefab:
  m_ObjectHideFlags: 0
  serializedVersion: 2
  m_Modification:
    m_TransformParent: {fileID: 0}
    m_Modifications:
    - target: {fileID: 4080418135306444, guid: 9de83a74a9ed04242a753dc994d7202e, type: 2}
      propertyPath: m_LocalPosition.x
      value: -1.5131646
      objectReference: {fileID: 0}
    - target: {fileID: 4080418135306444, guid: 9de83a74a9ed04242a753dc994d7202e, type: 2}
      propertyPath: m_LocalPosition.y
      value: 2.8332791
      objectReference: {fileID: 0}
    - target: {fileID: 4080418135306444, guid: 9de83a74a9ed04242a753dc994d7202e, type: 2}
      propertyPath: m_LocalPosition.z
      value: 0.041968092
      objectReference: {fileID: 0}
    - target: {fileID: 4080418135306444, guid: 9de83a74a9ed04242a753dc994d7202e, type: 2}
      propertyPath: m_LocalRotation.x
      value: -0
      objectReference: {fileID: 0}
    - target: {fileID: 4080418135306444, guid: 9de83a74a9ed04242a753dc994d7202e, type: 2}
      propertyPath: m_LocalRotation.y
      value: -0
      objectReference: {fileID: 0}
    - target: {fileID: 4080418135306444, guid: 9de83a74a9ed04242a753dc994d7202e, type: 2}
      propertyPath: m_LocalRotation.z
      value: -0
      objectReference: {fileID: 0}
    - target: {fileID: 4080418135306444, guid: 9de83a74a9ed04242a753dc994d7202e, type: 2}
      propertyPath: m_LocalRotation.w
      value: 1
      objectReference: {fileID: 0}
    - target: {fileID: 4080418135306444, guid: 9de83a74a9ed04242a753dc994d7202e, type: 2}
      propertyPath: m_RootOrder
      value: 3
      objectReference: {fileID: 0}
    m_RemovedComponents: []
  m_ParentPrefab: {fileID: 100100000, guid: 9de83a74a9ed04242a753dc994d7202e, type: 2}
  m_IsPrefabParent: 0
--- !u!1 &611106844
GameObject:
  m_ObjectHideFlags: 0
  m_PrefabParentObject: {fileID: 0}
  m_PrefabInternal: {fileID: 0}
  serializedVersion: 5
  m_Component:
  - component: {fileID: 611106845}
  - component: {fileID: 611106847}
  - component: {fileID: 611106846}
  m_Layer: 0
  m_Name: grass
  m_TagString: Untagged
  m_Icon: {fileID: 0}
  m_NavMeshLayer: 0
  m_StaticEditorFlags: 0
  m_IsActive: 1
--- !u!4 &611106845
Transform:
  m_ObjectHideFlags: 0
  m_PrefabParentObject: {fileID: 0}
  m_PrefabInternal: {fileID: 0}
  m_GameObject: {fileID: 611106844}
  m_LocalRotation: {x: 0, y: 0, z: 0, w: 1}
  m_LocalPosition: {x: 4.45, y: -5.47, z: 0}
  m_LocalScale: {x: 1, y: 1, z: 1}
  m_Children: []
  m_Father: {fileID: 1682790868}
  m_RootOrder: 10
  m_LocalEulerAnglesHint: {x: 0, y: 0, z: 0}
--- !u!58 &611106846
CircleCollider2D:
  m_ObjectHideFlags: 0
  m_PrefabParentObject: {fileID: 0}
  m_PrefabInternal: {fileID: 0}
  m_GameObject: {fileID: 611106844}
  m_Enabled: 1
  m_Density: 1
  m_Material: {fileID: 0}
  m_IsTrigger: 1
  m_UsedByEffector: 0
  m_UsedByComposite: 0
  m_Offset: {x: 0, y: 0}
  serializedVersion: 2
  m_Radius: 0.5
--- !u!114 &611106847
MonoBehaviour:
  m_ObjectHideFlags: 0
  m_PrefabParentObject: {fileID: 0}
  m_PrefabInternal: {fileID: 0}
  m_GameObject: {fileID: 611106844}
  m_Enabled: 1
  m_EditorHideFlags: 0
  m_Script: {fileID: 11500000, guid: 61d3ed8e01186c04ea88eec885bdd701, type: 3}
  m_Name: 
  m_EditorClassIdentifier: 
--- !u!1001 &628740393
Prefab:
  m_ObjectHideFlags: 0
  serializedVersion: 2
  m_Modification:
    m_TransformParent: {fileID: 1930234998}
    m_Modifications:
    - target: {fileID: 4739660998749182, guid: 685532fd5cc7e9a448566cc96bd48086, type: 2}
      propertyPath: m_LocalPosition.x
      value: 2.12
      objectReference: {fileID: 0}
    - target: {fileID: 4739660998749182, guid: 685532fd5cc7e9a448566cc96bd48086, type: 2}
      propertyPath: m_LocalPosition.y
      value: -5.6
      objectReference: {fileID: 0}
    - target: {fileID: 4739660998749182, guid: 685532fd5cc7e9a448566cc96bd48086, type: 2}
      propertyPath: m_LocalPosition.z
      value: 0
      objectReference: {fileID: 0}
    - target: {fileID: 4739660998749182, guid: 685532fd5cc7e9a448566cc96bd48086, type: 2}
      propertyPath: m_LocalRotation.x
      value: -0
      objectReference: {fileID: 0}
    - target: {fileID: 4739660998749182, guid: 685532fd5cc7e9a448566cc96bd48086, type: 2}
      propertyPath: m_LocalRotation.y
      value: -0
      objectReference: {fileID: 0}
    - target: {fileID: 4739660998749182, guid: 685532fd5cc7e9a448566cc96bd48086, type: 2}
      propertyPath: m_LocalRotation.z
      value: -0
      objectReference: {fileID: 0}
    - target: {fileID: 4739660998749182, guid: 685532fd5cc7e9a448566cc96bd48086, type: 2}
      propertyPath: m_LocalRotation.w
      value: 1
      objectReference: {fileID: 0}
    - target: {fileID: 4739660998749182, guid: 685532fd5cc7e9a448566cc96bd48086, type: 2}
      propertyPath: m_RootOrder
      value: 2
      objectReference: {fileID: 0}
    - target: {fileID: 1947174231157208, guid: 685532fd5cc7e9a448566cc96bd48086, type: 2}
      propertyPath: m_Name
      value: Point 3
      objectReference: {fileID: 0}
    m_RemovedComponents:
    - {fileID: 23770820819713648, guid: 685532fd5cc7e9a448566cc96bd48086, type: 2}
    - {fileID: 33806743021704008, guid: 685532fd5cc7e9a448566cc96bd48086, type: 2}
    - {fileID: 114009373809070980, guid: 685532fd5cc7e9a448566cc96bd48086, type: 2}
    - {fileID: 61537122229262602, guid: 685532fd5cc7e9a448566cc96bd48086, type: 2}
  m_ParentPrefab: {fileID: 100100000, guid: 685532fd5cc7e9a448566cc96bd48086, type: 2}
  m_IsPrefabParent: 0
--- !u!1001 &662927363
Prefab:
  m_ObjectHideFlags: 0
  serializedVersion: 2
  m_Modification:
    m_TransformParent: {fileID: 1682790868}
    m_Modifications:
    - target: {fileID: 4991374817634022, guid: b64ed4e8ee39ae4438d2ce001de38887, type: 2}
      propertyPath: m_LocalPosition.x
      value: 4.46
      objectReference: {fileID: 0}
    - target: {fileID: 4991374817634022, guid: b64ed4e8ee39ae4438d2ce001de38887, type: 2}
      propertyPath: m_LocalPosition.y
      value: -1.28
      objectReference: {fileID: 0}
    - target: {fileID: 4991374817634022, guid: b64ed4e8ee39ae4438d2ce001de38887, type: 2}
      propertyPath: m_LocalPosition.z
      value: 0
      objectReference: {fileID: 0}
    - target: {fileID: 4991374817634022, guid: b64ed4e8ee39ae4438d2ce001de38887, type: 2}
      propertyPath: m_LocalRotation.x
      value: 0
      objectReference: {fileID: 0}
    - target: {fileID: 4991374817634022, guid: b64ed4e8ee39ae4438d2ce001de38887, type: 2}
      propertyPath: m_LocalRotation.y
      value: 0
      objectReference: {fileID: 0}
    - target: {fileID: 4991374817634022, guid: b64ed4e8ee39ae4438d2ce001de38887, type: 2}
      propertyPath: m_LocalRotation.z
      value: 0
      objectReference: {fileID: 0}
    - target: {fileID: 4991374817634022, guid: b64ed4e8ee39ae4438d2ce001de38887, type: 2}
      propertyPath: m_LocalRotation.w
      value: 1
      objectReference: {fileID: 0}
    - target: {fileID: 4991374817634022, guid: b64ed4e8ee39ae4438d2ce001de38887, type: 2}
      propertyPath: m_RootOrder
      value: 0
      objectReference: {fileID: 0}
    m_RemovedComponents: []
  m_ParentPrefab: {fileID: 100100000, guid: b64ed4e8ee39ae4438d2ce001de38887, type: 2}
  m_IsPrefabParent: 0
--- !u!4 &686148837 stripped
Transform:
  m_PrefabParentObject: {fileID: 4739660998749182, guid: 685532fd5cc7e9a448566cc96bd48086,
    type: 2}
  m_PrefabInternal: {fileID: 1905351416}
--- !u!1 &762263585
GameObject:
  m_ObjectHideFlags: 0
  m_PrefabParentObject: {fileID: 0}
  m_PrefabInternal: {fileID: 0}
  serializedVersion: 5
  m_Component:
  - component: {fileID: 762263586}
  - component: {fileID: 762263588}
  - component: {fileID: 762263587}
  m_Layer: 0
  m_Name: Grass (8)
  m_TagString: Untagged
  m_Icon: {fileID: 0}
  m_NavMeshLayer: 0
  m_StaticEditorFlags: 0
  m_IsActive: 1
--- !u!4 &762263586
Transform:
  m_ObjectHideFlags: 0
  m_PrefabParentObject: {fileID: 0}
  m_PrefabInternal: {fileID: 0}
  m_GameObject: {fileID: 762263585}
  m_LocalRotation: {x: -0, y: -0, z: -0, w: 1}
  m_LocalPosition: {x: 11.95, y: -2.61, z: 0}
  m_LocalScale: {x: 1.15684, y: 5.57222, z: 1}
  m_Children: []
  m_Father: {fileID: 1682790868}
  m_RootOrder: 8
  m_LocalEulerAnglesHint: {x: 0, y: 0, z: 0}
--- !u!61 &762263587
BoxCollider2D:
  m_ObjectHideFlags: 0
  m_PrefabParentObject: {fileID: 0}
  m_PrefabInternal: {fileID: 0}
  m_GameObject: {fileID: 762263585}
  m_Enabled: 1
  m_Density: 1
  m_Material: {fileID: 0}
  m_IsTrigger: 1
  m_UsedByEffector: 0
  m_UsedByComposite: 0
  m_Offset: {x: 0, y: 0}
  m_SpriteTilingProperty:
    border: {x: 0, y: 0, z: 0, w: 0}
    pivot: {x: 0, y: 0}
    oldSize: {x: 0, y: 0}
    newSize: {x: 0, y: 0}
    adaptiveTilingThreshold: 0
    drawMode: 0
    adaptiveTiling: 0
  m_AutoTiling: 0
  serializedVersion: 2
  m_Size: {x: 1, y: 1}
  m_EdgeRadius: 0
--- !u!114 &762263588
MonoBehaviour:
  m_ObjectHideFlags: 0
  m_PrefabParentObject: {fileID: 0}
  m_PrefabInternal: {fileID: 0}
  m_GameObject: {fileID: 762263585}
  m_Enabled: 1
  m_EditorHideFlags: 0
  m_Script: {fileID: 11500000, guid: 61d3ed8e01186c04ea88eec885bdd701, type: 3}
  m_Name: 
  m_EditorClassIdentifier: 
--- !u!1001 &765294736
Prefab:
  m_ObjectHideFlags: 0
  serializedVersion: 2
  m_Modification:
    m_TransformParent: {fileID: 1930234998}
    m_Modifications:
    - target: {fileID: 4739660998749182, guid: 685532fd5cc7e9a448566cc96bd48086, type: 2}
      propertyPath: m_LocalPosition.x
      value: -2
      objectReference: {fileID: 0}
    - target: {fileID: 4739660998749182, guid: 685532fd5cc7e9a448566cc96bd48086, type: 2}
      propertyPath: m_LocalPosition.y
      value: 2.83
      objectReference: {fileID: 0}
    - target: {fileID: 4739660998749182, guid: 685532fd5cc7e9a448566cc96bd48086, type: 2}
      propertyPath: m_LocalPosition.z
      value: 0
      objectReference: {fileID: 0}
    - target: {fileID: 4739660998749182, guid: 685532fd5cc7e9a448566cc96bd48086, type: 2}
      propertyPath: m_LocalRotation.x
      value: -0
      objectReference: {fileID: 0}
    - target: {fileID: 4739660998749182, guid: 685532fd5cc7e9a448566cc96bd48086, type: 2}
      propertyPath: m_LocalRotation.y
      value: -0
      objectReference: {fileID: 0}
    - target: {fileID: 4739660998749182, guid: 685532fd5cc7e9a448566cc96bd48086, type: 2}
      propertyPath: m_LocalRotation.z
      value: -0
      objectReference: {fileID: 0}
    - target: {fileID: 4739660998749182, guid: 685532fd5cc7e9a448566cc96bd48086, type: 2}
      propertyPath: m_LocalRotation.w
      value: 1
      objectReference: {fileID: 0}
    - target: {fileID: 4739660998749182, guid: 685532fd5cc7e9a448566cc96bd48086, type: 2}
      propertyPath: m_RootOrder
      value: 0
      objectReference: {fileID: 0}
    - target: {fileID: 1947174231157208, guid: 685532fd5cc7e9a448566cc96bd48086, type: 2}
      propertyPath: m_Name
      value: Point 1
      objectReference: {fileID: 0}
    m_RemovedComponents:
    - {fileID: 23770820819713648, guid: 685532fd5cc7e9a448566cc96bd48086, type: 2}
    - {fileID: 33806743021704008, guid: 685532fd5cc7e9a448566cc96bd48086, type: 2}
    - {fileID: 114009373809070980, guid: 685532fd5cc7e9a448566cc96bd48086, type: 2}
    - {fileID: 61537122229262602, guid: 685532fd5cc7e9a448566cc96bd48086, type: 2}
  m_ParentPrefab: {fileID: 100100000, guid: 685532fd5cc7e9a448566cc96bd48086, type: 2}
  m_IsPrefabParent: 0
--- !u!1 &827022997
GameObject:
  m_ObjectHideFlags: 0
  m_PrefabParentObject: {fileID: 0}
  m_PrefabInternal: {fileID: 0}
  serializedVersion: 5
  m_Component:
  - component: {fileID: 827022998}
  - component: {fileID: 827023000}
  - component: {fileID: 827022999}
  m_Layer: 0
  m_Name: Grass (5)
  m_TagString: Untagged
  m_Icon: {fileID: 0}
  m_NavMeshLayer: 0
  m_StaticEditorFlags: 0
  m_IsActive: 1
--- !u!4 &827022998
Transform:
  m_ObjectHideFlags: 0
  m_PrefabParentObject: {fileID: 0}
  m_PrefabInternal: {fileID: 0}
  m_GameObject: {fileID: 827022997}
  m_LocalRotation: {x: -0, y: -0, z: -0, w: 1}
  m_LocalPosition: {x: 1.38, y: -0.21, z: 0}
  m_LocalScale: {x: 3.4535244, y: 1.3472848, z: 1}
  m_Children: []
  m_Father: {fileID: 1682790868}
  m_RootOrder: 5
  m_LocalEulerAnglesHint: {x: 0, y: 0, z: 0}
--- !u!61 &827022999
BoxCollider2D:
  m_ObjectHideFlags: 0
  m_PrefabParentObject: {fileID: 0}
  m_PrefabInternal: {fileID: 0}
  m_GameObject: {fileID: 827022997}
  m_Enabled: 1
  m_Density: 1
  m_Material: {fileID: 0}
  m_IsTrigger: 1
  m_UsedByEffector: 0
  m_UsedByComposite: 0
  m_Offset: {x: 0, y: 0}
  m_SpriteTilingProperty:
    border: {x: 0, y: 0, z: 0, w: 0}
    pivot: {x: 0, y: 0}
    oldSize: {x: 0, y: 0}
    newSize: {x: 0, y: 0}
    adaptiveTilingThreshold: 0
    drawMode: 0
    adaptiveTiling: 0
  m_AutoTiling: 0
  serializedVersion: 2
  m_Size: {x: 1, y: 1}
  m_EdgeRadius: 0
--- !u!114 &827023000
MonoBehaviour:
  m_ObjectHideFlags: 0
  m_PrefabParentObject: {fileID: 0}
  m_PrefabInternal: {fileID: 0}
  m_GameObject: {fileID: 827022997}
  m_Enabled: 1
  m_EditorHideFlags: 0
  m_Script: {fileID: 11500000, guid: 61d3ed8e01186c04ea88eec885bdd701, type: 3}
  m_Name: 
  m_EditorClassIdentifier: 
--- !u!1001 &904439023
Prefab:
  m_ObjectHideFlags: 0
  serializedVersion: 2
  m_Modification:
    m_TransformParent: {fileID: 0}
    m_Modifications:
    - target: {fileID: 4080418135306444, guid: 9de83a74a9ed04242a753dc994d7202e, type: 2}
      propertyPath: m_LocalPosition.x
      value: 4.73
      objectReference: {fileID: 0}
    - target: {fileID: 4080418135306444, guid: 9de83a74a9ed04242a753dc994d7202e, type: 2}
      propertyPath: m_LocalPosition.y
      value: 0.94
      objectReference: {fileID: 0}
    - target: {fileID: 4080418135306444, guid: 9de83a74a9ed04242a753dc994d7202e, type: 2}
      propertyPath: m_LocalPosition.z
      value: 0.041968
      objectReference: {fileID: 0}
    - target: {fileID: 4080418135306444, guid: 9de83a74a9ed04242a753dc994d7202e, type: 2}
      propertyPath: m_LocalRotation.x
      value: -0
      objectReference: {fileID: 0}
    - target: {fileID: 4080418135306444, guid: 9de83a74a9ed04242a753dc994d7202e, type: 2}
      propertyPath: m_LocalRotation.y
      value: -0
      objectReference: {fileID: 0}
    - target: {fileID: 4080418135306444, guid: 9de83a74a9ed04242a753dc994d7202e, type: 2}
      propertyPath: m_LocalRotation.z
      value: -0
      objectReference: {fileID: 0}
    - target: {fileID: 4080418135306444, guid: 9de83a74a9ed04242a753dc994d7202e, type: 2}
      propertyPath: m_LocalRotation.w
      value: 1
      objectReference: {fileID: 0}
    - target: {fileID: 4080418135306444, guid: 9de83a74a9ed04242a753dc994d7202e, type: 2}
      propertyPath: m_RootOrder
      value: 11
      objectReference: {fileID: 0}
    - target: {fileID: 1547328649070964, guid: 9de83a74a9ed04242a753dc994d7202e, type: 2}
      propertyPath: m_Name
      value: Trashcan (1)
      objectReference: {fileID: 0}
    - target: {fileID: 212635396296000442, guid: 9de83a74a9ed04242a753dc994d7202e,
        type: 2}
      propertyPath: m_Sprite
      value: 
      objectReference: {fileID: 21300000, guid: ddc1f6635e8f88c4181d692d3c500831,
        type: 3}
    - target: {fileID: 4080418135306444, guid: 9de83a74a9ed04242a753dc994d7202e, type: 2}
      propertyPath: m_LocalScale.x
      value: 0.45877594
      objectReference: {fileID: 0}
    - target: {fileID: 4080418135306444, guid: 9de83a74a9ed04242a753dc994d7202e, type: 2}
      propertyPath: m_LocalScale.y
      value: 0.45877594
      objectReference: {fileID: 0}
    - target: {fileID: 4080418135306444, guid: 9de83a74a9ed04242a753dc994d7202e, type: 2}
      propertyPath: m_LocalScale.z
      value: 0.45877594
      objectReference: {fileID: 0}
    - target: {fileID: 58801821845957708, guid: 9de83a74a9ed04242a753dc994d7202e,
        type: 2}
      propertyPath: m_Radius
      value: 1.16
      objectReference: {fileID: 0}
    m_RemovedComponents: []
  m_ParentPrefab: {fileID: 100100000, guid: 9de83a74a9ed04242a753dc994d7202e, type: 2}
  m_IsPrefabParent: 0
--- !u!1001 &1035715109
Prefab:
  m_ObjectHideFlags: 0
  serializedVersion: 2
  m_Modification:
    m_TransformParent: {fileID: 0}
    m_Modifications:
    - target: {fileID: 4154429018685426, guid: d23b58293bad09e4f9ddaa511d133a4a, type: 2}
      propertyPath: m_LocalPosition.x
      value: -0.6211014
      objectReference: {fileID: 0}
    - target: {fileID: 4154429018685426, guid: d23b58293bad09e4f9ddaa511d133a4a, type: 2}
      propertyPath: m_LocalPosition.y
      value: -1.1291841
      objectReference: {fileID: 0}
    - target: {fileID: 4154429018685426, guid: d23b58293bad09e4f9ddaa511d133a4a, type: 2}
      propertyPath: m_LocalPosition.z
      value: 0.0390625
      objectReference: {fileID: 0}
    - target: {fileID: 4154429018685426, guid: d23b58293bad09e4f9ddaa511d133a4a, type: 2}
      propertyPath: m_LocalRotation.x
      value: 0
      objectReference: {fileID: 0}
    - target: {fileID: 4154429018685426, guid: d23b58293bad09e4f9ddaa511d133a4a, type: 2}
      propertyPath: m_LocalRotation.y
      value: 0
      objectReference: {fileID: 0}
    - target: {fileID: 4154429018685426, guid: d23b58293bad09e4f9ddaa511d133a4a, type: 2}
      propertyPath: m_LocalRotation.z
      value: 0
      objectReference: {fileID: 0}
    - target: {fileID: 4154429018685426, guid: d23b58293bad09e4f9ddaa511d133a4a, type: 2}
      propertyPath: m_LocalRotation.w
      value: 1
      objectReference: {fileID: 0}
    - target: {fileID: 4154429018685426, guid: d23b58293bad09e4f9ddaa511d133a4a, type: 2}
      propertyPath: m_RootOrder
      value: 7
      objectReference: {fileID: 0}
    - target: {fileID: 114127957764763834, guid: d23b58293bad09e4f9ddaa511d133a4a,
        type: 2}
      propertyPath: m_CountDownText
      value: 
      objectReference: {fileID: 1702050381}
    m_RemovedComponents: []
  m_ParentPrefab: {fileID: 100100000, guid: d23b58293bad09e4f9ddaa511d133a4a, type: 2}
  m_IsPrefabParent: 0
--- !u!1 &1040979790
GameObject:
  m_ObjectHideFlags: 0
  m_PrefabParentObject: {fileID: 0}
  m_PrefabInternal: {fileID: 0}
  serializedVersion: 5
  m_Component:
  - component: {fileID: 1040979791}
  - component: {fileID: 1040979793}
  - component: {fileID: 1040979792}
  m_Layer: 0
  m_Name: Grass (1)
  m_TagString: Untagged
  m_Icon: {fileID: 0}
  m_NavMeshLayer: 0
  m_StaticEditorFlags: 0
  m_IsActive: 1
--- !u!4 &1040979791
Transform:
  m_ObjectHideFlags: 0
  m_PrefabParentObject: {fileID: 0}
  m_PrefabInternal: {fileID: 0}
  m_GameObject: {fileID: 1040979790}
  m_LocalRotation: {x: -0, y: -0, z: -0, w: 1}
  m_LocalPosition: {x: 8.16, y: -7.32, z: 0}
  m_LocalScale: {x: 1.1568357, y: 5.572222, z: 1}
  m_Children: []
  m_Father: {fileID: 1682790868}
  m_RootOrder: 1
  m_LocalEulerAnglesHint: {x: 0, y: 0, z: 0}
--- !u!61 &1040979792
BoxCollider2D:
  m_ObjectHideFlags: 0
  m_PrefabParentObject: {fileID: 0}
  m_PrefabInternal: {fileID: 0}
  m_GameObject: {fileID: 1040979790}
  m_Enabled: 1
  m_Density: 1
  m_Material: {fileID: 0}
  m_IsTrigger: 1
  m_UsedByEffector: 0
  m_UsedByComposite: 0
  m_Offset: {x: 0, y: 0}
  m_SpriteTilingProperty:
    border: {x: 0, y: 0, z: 0, w: 0}
    pivot: {x: 0, y: 0}
    oldSize: {x: 0, y: 0}
    newSize: {x: 0, y: 0}
    adaptiveTilingThreshold: 0
    drawMode: 0
    adaptiveTiling: 0
  m_AutoTiling: 0
  serializedVersion: 2
  m_Size: {x: 1, y: 1}
  m_EdgeRadius: 0
--- !u!114 &1040979793
MonoBehaviour:
  m_ObjectHideFlags: 0
  m_PrefabParentObject: {fileID: 0}
  m_PrefabInternal: {fileID: 0}
  m_GameObject: {fileID: 1040979790}
  m_Enabled: 1
  m_EditorHideFlags: 0
  m_Script: {fileID: 11500000, guid: 61d3ed8e01186c04ea88eec885bdd701, type: 3}
  m_Name: 
  m_EditorClassIdentifier: 
--- !u!1 &1171167010
GameObject:
  m_ObjectHideFlags: 0
  m_PrefabParentObject: {fileID: 0}
  m_PrefabInternal: {fileID: 0}
  serializedVersion: 5
  m_Component:
  - component: {fileID: 1171167011}
  - component: {fileID: 1171167013}
  - component: {fileID: 1171167012}
  m_Layer: 0
  m_Name: Grass (16)
  m_TagString: Untagged
  m_Icon: {fileID: 0}
  m_NavMeshLayer: 0
  m_StaticEditorFlags: 0
  m_IsActive: 1
--- !u!4 &1171167011
Transform:
  m_ObjectHideFlags: 0
  m_PrefabParentObject: {fileID: 0}
  m_PrefabInternal: {fileID: 0}
  m_GameObject: {fileID: 1171167010}
  m_LocalRotation: {x: -0, y: -0, z: 0.38378575, w: 0.9234222}
  m_LocalPosition: {x: -3.6, y: -8.76, z: 0}
  m_LocalScale: {x: 0.49324998, y: 1.04473, z: 1}
  m_Children: []
  m_Father: {fileID: 1682790868}
  m_RootOrder: 18
  m_LocalEulerAnglesHint: {x: 0, y: 0, z: 45.137}
--- !u!61 &1171167012
BoxCollider2D:
  m_ObjectHideFlags: 0
  m_PrefabParentObject: {fileID: 0}
  m_PrefabInternal: {fileID: 0}
  m_GameObject: {fileID: 1171167010}
  m_Enabled: 1
  m_Density: 1
  m_Material: {fileID: 0}
  m_IsTrigger: 1
  m_UsedByEffector: 0
  m_UsedByComposite: 0
  m_Offset: {x: 0, y: 0}
  m_SpriteTilingProperty:
    border: {x: 0, y: 0, z: 0, w: 0}
    pivot: {x: 0, y: 0}
    oldSize: {x: 0, y: 0}
    newSize: {x: 0, y: 0}
    adaptiveTilingThreshold: 0
    drawMode: 0
    adaptiveTiling: 0
  m_AutoTiling: 0
  serializedVersion: 2
  m_Size: {x: 1, y: 1}
  m_EdgeRadius: 0
--- !u!114 &1171167013
MonoBehaviour:
  m_ObjectHideFlags: 0
  m_PrefabParentObject: {fileID: 0}
  m_PrefabInternal: {fileID: 0}
  m_GameObject: {fileID: 1171167010}
  m_Enabled: 1
  m_EditorHideFlags: 0
  m_Script: {fileID: 11500000, guid: 61d3ed8e01186c04ea88eec885bdd701, type: 3}
  m_Name: 
  m_EditorClassIdentifier: 
--- !u!1 &1382540119 stripped
GameObject:
  m_PrefabParentObject: {fileID: 1975444261527532, guid: be578f2c3fde6784ab1cd7c8f4497d22,
    type: 2}
  m_PrefabInternal: {fileID: 330292421}
--- !u!212 &1382540120
SpriteRenderer:
  m_ObjectHideFlags: 0
  m_PrefabParentObject: {fileID: 0}
  m_PrefabInternal: {fileID: 0}
  m_GameObject: {fileID: 1382540119}
  m_Enabled: 1
  m_CastShadows: 0
  m_ReceiveShadows: 0
  m_DynamicOccludee: 1
  m_MotionVectors: 1
  m_LightProbeUsage: 1
  m_ReflectionProbeUsage: 1
  m_Materials:
  - {fileID: 10754, guid: 0000000000000000f000000000000000, type: 0}
  m_StaticBatchInfo:
    firstSubMesh: 0
    subMeshCount: 0
  m_StaticBatchRoot: {fileID: 0}
  m_ProbeAnchor: {fileID: 0}
  m_LightProbeVolumeOverride: {fileID: 0}
  m_ScaleInLightmap: 1
  m_PreserveUVs: 0
  m_IgnoreNormalsForChartDetection: 0
  m_ImportantGI: 0
  m_StitchLightmapSeams: 0
  m_SelectedEditorRenderState: 0
  m_MinimumChartSize: 4
  m_AutoUVMaxDistance: 0.5
  m_AutoUVMaxAngle: 89
  m_LightmapParameters: {fileID: 0}
  m_SortingLayerID: 0
  m_SortingLayer: 0
  m_SortingOrder: 0
  m_Sprite: {fileID: 21300000, guid: c894a76683cbf824a8f17c2de3fc1666, type: 3}
  m_Color: {r: 1, g: 1, b: 1, a: 1}
  m_FlipX: 0
  m_FlipY: 0
  m_DrawMode: 0
  m_Size: {x: 0.88, y: 1.86}
  m_AdaptiveModeThreshold: 0.5
  m_SpriteTileMode: 0
  m_WasSpriteAssigned: 1
  m_MaskInteraction: 0
--- !u!114 &1382540126
MonoBehaviour:
  m_ObjectHideFlags: 0
  m_PrefabParentObject: {fileID: 0}
  m_PrefabInternal: {fileID: 0}
  m_GameObject: {fileID: 1382540119}
  m_Enabled: 1
  m_EditorHideFlags: 0
  m_Script: {fileID: 11500000, guid: 61d3ed8e01186c04ea88eec885bdd701, type: 3}
  m_Name: 
  m_EditorClassIdentifier: 
--- !u!1 &1414628003
GameObject:
  m_ObjectHideFlags: 0
  m_PrefabParentObject: {fileID: 0}
  m_PrefabInternal: {fileID: 0}
  serializedVersion: 5
  m_Component:
  - component: {fileID: 1414628004}
  - component: {fileID: 1414628006}
  - component: {fileID: 1414628005}
  m_Layer: 0
  m_Name: Grass (6)
  m_TagString: Untagged
  m_Icon: {fileID: 0}
  m_NavMeshLayer: 0
  m_StaticEditorFlags: 0
  m_IsActive: 1
--- !u!4 &1414628004
Transform:
  m_ObjectHideFlags: 0
  m_PrefabParentObject: {fileID: 0}
  m_PrefabInternal: {fileID: 0}
  m_GameObject: {fileID: 1414628003}
  m_LocalRotation: {x: -0, y: -0, z: 0.38378575, w: 0.9234222}
  m_LocalPosition: {x: 1.74, y: -8.96, z: 0}
  m_LocalScale: {x: 0.4932519, y: 1.0447321, z: 1}
  m_Children: []
  m_Father: {fileID: 1682790868}
  m_RootOrder: 6
  m_LocalEulerAnglesHint: {x: 0, y: 0, z: 45.137}
--- !u!61 &1414628005
BoxCollider2D:
  m_ObjectHideFlags: 0
  m_PrefabParentObject: {fileID: 0}
  m_PrefabInternal: {fileID: 0}
  m_GameObject: {fileID: 1414628003}
  m_Enabled: 1
  m_Density: 1
  m_Material: {fileID: 0}
  m_IsTrigger: 1
  m_UsedByEffector: 0
  m_UsedByComposite: 0
  m_Offset: {x: 0, y: 0}
  m_SpriteTilingProperty:
    border: {x: 0, y: 0, z: 0, w: 0}
    pivot: {x: 0, y: 0}
    oldSize: {x: 0, y: 0}
    newSize: {x: 0, y: 0}
    adaptiveTilingThreshold: 0
    drawMode: 0
    adaptiveTiling: 0
  m_AutoTiling: 0
  serializedVersion: 2
  m_Size: {x: 1, y: 1}
  m_EdgeRadius: 0
--- !u!114 &1414628006
MonoBehaviour:
  m_ObjectHideFlags: 0
  m_PrefabParentObject: {fileID: 0}
  m_PrefabInternal: {fileID: 0}
  m_GameObject: {fileID: 1414628003}
  m_Enabled: 1
  m_EditorHideFlags: 0
  m_Script: {fileID: 11500000, guid: 61d3ed8e01186c04ea88eec885bdd701, type: 3}
  m_Name: 
  m_EditorClassIdentifier: 
--- !u!4 &1432566413 stripped
Transform:
  m_PrefabParentObject: {fileID: 4991374817634022, guid: b64ed4e8ee39ae4438d2ce001de38887,
    type: 2}
  m_PrefabInternal: {fileID: 662927363}
--- !u!1 &1440240790
GameObject:
  m_ObjectHideFlags: 0
  m_PrefabParentObject: {fileID: 0}
  m_PrefabInternal: {fileID: 0}
  serializedVersion: 5
  m_Component:
  - component: {fileID: 1440240791}
  - component: {fileID: 1440240793}
  - component: {fileID: 1440240792}
  m_Layer: 0
  m_Name: Grass (2)
  m_TagString: Untagged
  m_Icon: {fileID: 0}
  m_NavMeshLayer: 0
  m_StaticEditorFlags: 0
  m_IsActive: 1
--- !u!4 &1440240791
Transform:
  m_ObjectHideFlags: 0
  m_PrefabParentObject: {fileID: 0}
  m_PrefabInternal: {fileID: 0}
  m_GameObject: {fileID: 1440240790}
  m_LocalRotation: {x: -0, y: -0, z: -0, w: 1}
  m_LocalPosition: {x: 0.78, y: -7.97, z: 0}
  m_LocalScale: {x: 1.0411559, y: 2.35078, z: 1}
  m_Children: []
  m_Father: {fileID: 1682790868}
  m_RootOrder: 2
  m_LocalEulerAnglesHint: {x: 0, y: 0, z: 0}
--- !u!61 &1440240792
BoxCollider2D:
  m_ObjectHideFlags: 0
  m_PrefabParentObject: {fileID: 0}
  m_PrefabInternal: {fileID: 0}
  m_GameObject: {fileID: 1440240790}
  m_Enabled: 1
  m_Density: 1
  m_Material: {fileID: 0}
  m_IsTrigger: 1
  m_UsedByEffector: 0
  m_UsedByComposite: 0
  m_Offset: {x: 0, y: 0}
  m_SpriteTilingProperty:
    border: {x: 0, y: 0, z: 0, w: 0}
    pivot: {x: 0, y: 0}
    oldSize: {x: 0, y: 0}
    newSize: {x: 0, y: 0}
    adaptiveTilingThreshold: 0
    drawMode: 0
    adaptiveTiling: 0
  m_AutoTiling: 0
  serializedVersion: 2
  m_Size: {x: 1, y: 1}
  m_EdgeRadius: 0
--- !u!114 &1440240793
MonoBehaviour:
  m_ObjectHideFlags: 0
  m_PrefabParentObject: {fileID: 0}
  m_PrefabInternal: {fileID: 0}
  m_GameObject: {fileID: 1440240790}
  m_Enabled: 1
  m_EditorHideFlags: 0
  m_Script: {fileID: 11500000, guid: 61d3ed8e01186c04ea88eec885bdd701, type: 3}
  m_Name: 
  m_EditorClassIdentifier: 
--- !u!1001 &1453371713
Prefab:
  m_ObjectHideFlags: 0
  serializedVersion: 2
  m_Modification:
    m_TransformParent: {fileID: 0}
    m_Modifications:
    - target: {fileID: 4647280805996636, guid: ba2093071d243d5479e61d490026cb99, type: 2}
      propertyPath: m_LocalPosition.x
      value: -7.39
      objectReference: {fileID: 0}
    - target: {fileID: 4647280805996636, guid: ba2093071d243d5479e61d490026cb99, type: 2}
      propertyPath: m_LocalPosition.y
      value: 4.51
      objectReference: {fileID: 0}
    - target: {fileID: 4647280805996636, guid: ba2093071d243d5479e61d490026cb99, type: 2}
      propertyPath: m_LocalPosition.z
      value: -0.072265625
      objectReference: {fileID: 0}
    - target: {fileID: 4647280805996636, guid: ba2093071d243d5479e61d490026cb99, type: 2}
      propertyPath: m_LocalRotation.x
      value: 0
      objectReference: {fileID: 0}
    - target: {fileID: 4647280805996636, guid: ba2093071d243d5479e61d490026cb99, type: 2}
      propertyPath: m_LocalRotation.y
      value: 0
      objectReference: {fileID: 0}
    - target: {fileID: 4647280805996636, guid: ba2093071d243d5479e61d490026cb99, type: 2}
      propertyPath: m_LocalRotation.z
      value: 0
      objectReference: {fileID: 0}
    - target: {fileID: 4647280805996636, guid: ba2093071d243d5479e61d490026cb99, type: 2}
      propertyPath: m_LocalRotation.w
      value: 1
      objectReference: {fileID: 0}
    - target: {fileID: 4647280805996636, guid: ba2093071d243d5479e61d490026cb99, type: 2}
      propertyPath: m_RootOrder
      value: 8
      objectReference: {fileID: 0}
    - target: {fileID: 114184302044140694, guid: ba2093071d243d5479e61d490026cb99,
        type: 2}
      propertyPath: Wheel
      value: LeftFrontWheel
      objectReference: {fileID: 0}
    - target: {fileID: 114184302044140694, guid: ba2093071d243d5479e61d490026cb99,
        type: 2}
      propertyPath: LoadLevel
      value: Rijbewijs
      objectReference: {fileID: 0}
    m_RemovedComponents: []
  m_ParentPrefab: {fileID: 100100000, guid: ba2093071d243d5479e61d490026cb99, type: 2}
  m_IsPrefabParent: 0
--- !u!1 &1568080149
GameObject:
  m_ObjectHideFlags: 0
  m_PrefabParentObject: {fileID: 0}
  m_PrefabInternal: {fileID: 0}
  serializedVersion: 5
  m_Component:
  - component: {fileID: 1568080150}
  - component: {fileID: 1568080152}
  - component: {fileID: 1568080151}
  m_Layer: 0
  m_Name: Grass (9)
  m_TagString: Untagged
  m_Icon: {fileID: 0}
  m_NavMeshLayer: 0
  m_StaticEditorFlags: 0
  m_IsActive: 1
--- !u!4 &1568080150
Transform:
  m_ObjectHideFlags: 0
  m_PrefabParentObject: {fileID: 0}
  m_PrefabInternal: {fileID: 0}
  m_GameObject: {fileID: 1568080149}
  m_LocalRotation: {x: -0, y: -0, z: -0, w: 1}
  m_LocalPosition: {x: 7.92, y: 0.77, z: 0}
  m_LocalScale: {x: 3.4535198, y: 1.34728, z: 1}
  m_Children: []
  m_Father: {fileID: 1682790868}
  m_RootOrder: 9
  m_LocalEulerAnglesHint: {x: 0, y: 0, z: 0}
--- !u!61 &1568080151
BoxCollider2D:
  m_ObjectHideFlags: 0
  m_PrefabParentObject: {fileID: 0}
  m_PrefabInternal: {fileID: 0}
  m_GameObject: {fileID: 1568080149}
  m_Enabled: 1
  m_Density: 1
  m_Material: {fileID: 0}
  m_IsTrigger: 1
  m_UsedByEffector: 0
  m_UsedByComposite: 0
  m_Offset: {x: 0, y: 0}
  m_SpriteTilingProperty:
    border: {x: 0, y: 0, z: 0, w: 0}
    pivot: {x: 0, y: 0}
    oldSize: {x: 0, y: 0}
    newSize: {x: 0, y: 0}
    adaptiveTilingThreshold: 0
    drawMode: 0
    adaptiveTiling: 0
  m_AutoTiling: 0
  serializedVersion: 2
  m_Size: {x: 1, y: 1}
  m_EdgeRadius: 0
--- !u!114 &1568080152
MonoBehaviour:
  m_ObjectHideFlags: 0
  m_PrefabParentObject: {fileID: 0}
  m_PrefabInternal: {fileID: 0}
  m_GameObject: {fileID: 1568080149}
  m_Enabled: 1
  m_EditorHideFlags: 0
  m_Script: {fileID: 11500000, guid: 61d3ed8e01186c04ea88eec885bdd701, type: 3}
  m_Name: 
  m_EditorClassIdentifier: 
--- !u!1 &1682790867
GameObject:
  m_ObjectHideFlags: 0
  m_PrefabParentObject: {fileID: 0}
  m_PrefabInternal: {fileID: 0}
  serializedVersion: 5
  m_Component:
  - component: {fileID: 1682790868}
  m_Layer: 0
  m_Name: Colliders
  m_TagString: Untagged
  m_Icon: {fileID: 0}
  m_NavMeshLayer: 0
  m_StaticEditorFlags: 0
  m_IsActive: 1
--- !u!4 &1682790868
Transform:
  m_ObjectHideFlags: 0
  m_PrefabParentObject: {fileID: 0}
  m_PrefabInternal: {fileID: 0}
  m_GameObject: {fileID: 1682790867}
  m_LocalRotation: {x: -0, y: -0, z: -0, w: 1}
  m_LocalPosition: {x: -3.7692127, y: 4.46, z: -0.05184686}
  m_LocalScale: {x: 1, y: 1, z: 1}
  m_Children:
  - {fileID: 1432566413}
  - {fileID: 1040979791}
  - {fileID: 1440240791}
  - {fileID: 222599944}
  - {fileID: 1706149550}
  - {fileID: 827022998}
  - {fileID: 1414628004}
  - {fileID: 377474129}
  - {fileID: 762263586}
  - {fileID: 1568080150}
  - {fileID: 611106845}
  - {fileID: 1685842439}
  - {fileID: 582634065}
  - {fileID: 2047908}
  - {fileID: 584860021}
  - {fileID: 328905635}
  - {fileID: 496493059}
  - {fileID: 1811489560}
  - {fileID: 1171167011}
  m_Father: {fileID: 0}
  m_RootOrder: 12
  m_LocalEulerAnglesHint: {x: 0, y: 0, z: 0}
--- !u!1 &1685842438
GameObject:
  m_ObjectHideFlags: 0
  m_PrefabParentObject: {fileID: 0}
  m_PrefabInternal: {fileID: 0}
  serializedVersion: 5
  m_Component:
  - component: {fileID: 1685842439}
  - component: {fileID: 1685842441}
  - component: {fileID: 1685842440}
  m_Layer: 0
  m_Name: grass (1)
  m_TagString: Untagged
  m_Icon: {fileID: 0}
  m_NavMeshLayer: 0
  m_StaticEditorFlags: 0
  m_IsActive: 1
--- !u!4 &1685842439
Transform:
  m_ObjectHideFlags: 0
  m_PrefabParentObject: {fileID: 0}
  m_PrefabInternal: {fileID: 0}
  m_GameObject: {fileID: 1685842438}
  m_LocalRotation: {x: -0, y: -0, z: -0, w: 1}
  m_LocalPosition: {x: 0.98, y: -6.01, z: 0}
  m_LocalScale: {x: 0.65877575, y: 0.65877575, z: 0.65877575}
  m_Children: []
  m_Father: {fileID: 1682790868}
  m_RootOrder: 11
  m_LocalEulerAnglesHint: {x: 0, y: 0, z: 0}
--- !u!58 &1685842440
CircleCollider2D:
  m_ObjectHideFlags: 0
  m_PrefabParentObject: {fileID: 0}
  m_PrefabInternal: {fileID: 0}
  m_GameObject: {fileID: 1685842438}
  m_Enabled: 1
  m_Density: 1
  m_Material: {fileID: 0}
  m_IsTrigger: 1
  m_UsedByEffector: 0
  m_UsedByComposite: 0
  m_Offset: {x: 0, y: 0}
  serializedVersion: 2
  m_Radius: 0.5
--- !u!114 &1685842441
MonoBehaviour:
  m_ObjectHideFlags: 0
  m_PrefabParentObject: {fileID: 0}
  m_PrefabInternal: {fileID: 0}
  m_GameObject: {fileID: 1685842438}
  m_Enabled: 1
  m_EditorHideFlags: 0
  m_Script: {fileID: 11500000, guid: 61d3ed8e01186c04ea88eec885bdd701, type: 3}
  m_Name: 
  m_EditorClassIdentifier: 
--- !u!1001 &1694541893
Prefab:
  m_ObjectHideFlags: 0
  serializedVersion: 2
  m_Modification:
    m_TransformParent: {fileID: 0}
    m_Modifications:
    - target: {fileID: 4421104806925716, guid: 1895904a76154724d8c9530b003a54bb, type: 2}
      propertyPath: m_LocalPosition.x
      value: 6.43
      objectReference: {fileID: 0}
    - target: {fileID: 4421104806925716, guid: 1895904a76154724d8c9530b003a54bb, type: 2}
      propertyPath: m_LocalPosition.y
      value: -4.07
      objectReference: {fileID: 0}
    - target: {fileID: 4421104806925716, guid: 1895904a76154724d8c9530b003a54bb, type: 2}
      propertyPath: m_LocalPosition.z
      value: -0.041077
      objectReference: {fileID: 0}
    - target: {fileID: 4421104806925716, guid: 1895904a76154724d8c9530b003a54bb, type: 2}
      propertyPath: m_LocalRotation.x
      value: 0
      objectReference: {fileID: 0}
    - target: {fileID: 4421104806925716, guid: 1895904a76154724d8c9530b003a54bb, type: 2}
      propertyPath: m_LocalRotation.y
      value: 0
      objectReference: {fileID: 0}
    - target: {fileID: 4421104806925716, guid: 1895904a76154724d8c9530b003a54bb, type: 2}
      propertyPath: m_LocalRotation.z
      value: 0
      objectReference: {fileID: 0}
    - target: {fileID: 4421104806925716, guid: 1895904a76154724d8c9530b003a54bb, type: 2}
      propertyPath: m_LocalRotation.w
      value: 1
      objectReference: {fileID: 0}
    - target: {fileID: 4421104806925716, guid: 1895904a76154724d8c9530b003a54bb, type: 2}
      propertyPath: m_RootOrder
      value: 4
      objectReference: {fileID: 0}
    - target: {fileID: 4421104806925716, guid: 1895904a76154724d8c9530b003a54bb, type: 2}
      propertyPath: m_LocalEulerAnglesHint.z
      value: 0
      objectReference: {fileID: 0}
    - target: {fileID: 114299289119585406, guid: 1895904a76154724d8c9530b003a54bb,
        type: 2}
      propertyPath: AccelerationPower
      value: 20
      objectReference: {fileID: 0}
    - target: {fileID: 50742655267149012, guid: 1895904a76154724d8c9530b003a54bb,
        type: 2}
      propertyPath: m_LinearDrag
      value: 10
      objectReference: {fileID: 0}
    - target: {fileID: 50742655267149012, guid: 1895904a76154724d8c9530b003a54bb,
        type: 2}
      propertyPath: m_AngularDrag
      value: 0
      objectReference: {fileID: 0}
    - target: {fileID: 212699913520380192, guid: 1895904a76154724d8c9530b003a54bb,
        type: 2}
      propertyPath: m_Sprite
      value: 
      objectReference: {fileID: 21300000, guid: 1aee0c80a15c18143a71b8dc73a63cd5,
        type: 3}
    - target: {fileID: 4421104806925716, guid: 1895904a76154724d8c9530b003a54bb, type: 2}
      propertyPath: m_LocalScale.x
      value: 0.25200942
      objectReference: {fileID: 0}
    - target: {fileID: 4421104806925716, guid: 1895904a76154724d8c9530b003a54bb, type: 2}
      propertyPath: m_LocalScale.y
      value: 0.25200942
      objectReference: {fileID: 0}
    - target: {fileID: 4421104806925716, guid: 1895904a76154724d8c9530b003a54bb, type: 2}
      propertyPath: m_LocalScale.z
      value: 0.25200942
      objectReference: {fileID: 0}
    - target: {fileID: 4933400987610520, guid: 1895904a76154724d8c9530b003a54bb, type: 2}
      propertyPath: m_LocalPosition.x
      value: -1.94
      objectReference: {fileID: 0}
    - target: {fileID: 4933400987610520, guid: 1895904a76154724d8c9530b003a54bb, type: 2}
      propertyPath: m_LocalPosition.y
      value: -1.49
      objectReference: {fileID: 0}
    - target: {fileID: 4933400987610520, guid: 1895904a76154724d8c9530b003a54bb, type: 2}
      propertyPath: m_LocalScale.x
      value: 1.0600926
      objectReference: {fileID: 0}
    - target: {fileID: 4933400987610520, guid: 1895904a76154724d8c9530b003a54bb, type: 2}
      propertyPath: m_LocalScale.y
      value: 0.5523848
      objectReference: {fileID: 0}
    - target: {fileID: 4933400987610520, guid: 1895904a76154724d8c9530b003a54bb, type: 2}
      propertyPath: m_LocalScale.z
      value: 2.5994658
      objectReference: {fileID: 0}
    - target: {fileID: 4933400987610520, guid: 1895904a76154724d8c9530b003a54bb, type: 2}
      propertyPath: m_LocalPosition.z
      value: -0.054916
      objectReference: {fileID: 0}
    - target: {fileID: 61938912408161904, guid: 1895904a76154724d8c9530b003a54bb,
        type: 2}
      propertyPath: m_IsTrigger
      value: 0
      objectReference: {fileID: 0}
    - target: {fileID: 61938912408161904, guid: 1895904a76154724d8c9530b003a54bb,
        type: 2}
      propertyPath: m_Offset.x
      value: 0
      objectReference: {fileID: 0}
    - target: {fileID: 61938912408161904, guid: 1895904a76154724d8c9530b003a54bb,
        type: 2}
      propertyPath: m_Offset.y
      value: 0
      objectReference: {fileID: 0}
    - target: {fileID: 61938912408161904, guid: 1895904a76154724d8c9530b003a54bb,
        type: 2}
      propertyPath: m_SpriteTilingProperty.pivot.x
      value: 0.5
      objectReference: {fileID: 0}
    - target: {fileID: 61938912408161904, guid: 1895904a76154724d8c9530b003a54bb,
        type: 2}
      propertyPath: m_SpriteTilingProperty.pivot.y
      value: 0.5
      objectReference: {fileID: 0}
    - target: {fileID: 61938912408161904, guid: 1895904a76154724d8c9530b003a54bb,
        type: 2}
      propertyPath: m_SpriteTilingProperty.oldSize.x
      value: 4.37
      objectReference: {fileID: 0}
    - target: {fileID: 61938912408161904, guid: 1895904a76154724d8c9530b003a54bb,
        type: 2}
      propertyPath: m_SpriteTilingProperty.oldSize.y
      value: 6.83
      objectReference: {fileID: 0}
    - target: {fileID: 61938912408161904, guid: 1895904a76154724d8c9530b003a54bb,
        type: 2}
      propertyPath: m_Size.x
      value: 3.8
      objectReference: {fileID: 0}
    - target: {fileID: 61938912408161904, guid: 1895904a76154724d8c9530b003a54bb,
        type: 2}
      propertyPath: m_Size.y
      value: 6.4
      objectReference: {fileID: 0}
    m_RemovedComponents: []
  m_ParentPrefab: {fileID: 100100000, guid: 1895904a76154724d8c9530b003a54bb, type: 2}
  m_IsPrefabParent: 0
--- !u!114 &1702050381 stripped
MonoBehaviour:
  m_PrefabParentObject: {fileID: 114251471902427768, guid: 222eb95bad8246a49bf823ba13603e62,
    type: 2}
  m_PrefabInternal: {fileID: 423310093}
  m_Script: {fileID: 708705254, guid: f70555f144d8491a825f0804e09c671c, type: 3}
--- !u!1 &1706149549
GameObject:
  m_ObjectHideFlags: 0
  m_PrefabParentObject: {fileID: 0}
  m_PrefabInternal: {fileID: 0}
  serializedVersion: 5
  m_Component:
  - component: {fileID: 1706149550}
  - component: {fileID: 1706149552}
  - component: {fileID: 1706149551}
  m_Layer: 0
  m_Name: Grass (4)
  m_TagString: Untagged
  m_Icon: {fileID: 0}
  m_NavMeshLayer: 0
  m_StaticEditorFlags: 0
  m_IsActive: 1
--- !u!4 &1706149550
Transform:
  m_ObjectHideFlags: 0
  m_PrefabParentObject: {fileID: 0}
  m_PrefabInternal: {fileID: 0}
  m_GameObject: {fileID: 1706149549}
  m_LocalRotation: {x: -0, y: -0, z: -0, w: 1}
  m_LocalPosition: {x: -1.92, y: -3.21, z: 0}
  m_LocalScale: {x: 0.44827998, y: 1.801, z: 1}
  m_Children: []
  m_Father: {fileID: 1682790868}
  m_RootOrder: 4
  m_LocalEulerAnglesHint: {x: 0, y: 0, z: 0}
--- !u!61 &1706149551
BoxCollider2D:
  m_ObjectHideFlags: 0
  m_PrefabParentObject: {fileID: 0}
  m_PrefabInternal: {fileID: 0}
  m_GameObject: {fileID: 1706149549}
  m_Enabled: 1
  m_Density: 1
  m_Material: {fileID: 0}
  m_IsTrigger: 1
  m_UsedByEffector: 0
  m_UsedByComposite: 0
  m_Offset: {x: 0, y: 0}
  m_SpriteTilingProperty:
    border: {x: 0, y: 0, z: 0, w: 0}
    pivot: {x: 0, y: 0}
    oldSize: {x: 0, y: 0}
    newSize: {x: 0, y: 0}
    adaptiveTilingThreshold: 0
    drawMode: 0
    adaptiveTiling: 0
  m_AutoTiling: 0
  serializedVersion: 2
  m_Size: {x: 1, y: 1}
  m_EdgeRadius: 0
--- !u!114 &1706149552
MonoBehaviour:
  m_ObjectHideFlags: 0
  m_PrefabParentObject: {fileID: 0}
  m_PrefabInternal: {fileID: 0}
  m_GameObject: {fileID: 1706149549}
  m_Enabled: 1
  m_EditorHideFlags: 0
  m_Script: {fileID: 11500000, guid: 61d3ed8e01186c04ea88eec885bdd701, type: 3}
  m_Name: 
  m_EditorClassIdentifier: 
--- !u!4 &1739998430 stripped
Transform:
  m_PrefabParentObject: {fileID: 4421104806925716, guid: 1895904a76154724d8c9530b003a54bb,
    type: 2}
  m_PrefabInternal: {fileID: 1694541893}
--- !u!1 &1811489559
GameObject:
  m_ObjectHideFlags: 0
  m_PrefabParentObject: {fileID: 0}
  m_PrefabInternal: {fileID: 0}
  serializedVersion: 5
  m_Component:
  - component: {fileID: 1811489560}
  - component: {fileID: 1811489562}
  - component: {fileID: 1811489561}
  m_Layer: 0
  m_Name: Grass (15)
  m_TagString: Untagged
  m_Icon: {fileID: 0}
  m_NavMeshLayer: 0
  m_StaticEditorFlags: 0
  m_IsActive: 1
--- !u!4 &1811489560
Transform:
  m_ObjectHideFlags: 0
  m_PrefabParentObject: {fileID: 0}
  m_PrefabInternal: {fileID: 0}
  m_GameObject: {fileID: 1811489559}
  m_LocalRotation: {x: -0, y: -0, z: -0, w: 1}
  m_LocalPosition: {x: -1.85, y: -9.93, z: 0}
  m_LocalScale: {x: 8.93598, y: 1.34728, z: 1}
  m_Children: []
  m_Father: {fileID: 1682790868}
  m_RootOrder: 17
  m_LocalEulerAnglesHint: {x: 0, y: 0, z: 0}
--- !u!61 &1811489561
BoxCollider2D:
  m_ObjectHideFlags: 0
  m_PrefabParentObject: {fileID: 0}
  m_PrefabInternal: {fileID: 0}
  m_GameObject: {fileID: 1811489559}
  m_Enabled: 1
  m_Density: 1
  m_Material: {fileID: 0}
  m_IsTrigger: 1
  m_UsedByEffector: 0
  m_UsedByComposite: 0
  m_Offset: {x: 0, y: 0}
  m_SpriteTilingProperty:
    border: {x: 0, y: 0, z: 0, w: 0}
    pivot: {x: 0, y: 0}
    oldSize: {x: 0, y: 0}
    newSize: {x: 0, y: 0}
    adaptiveTilingThreshold: 0
    drawMode: 0
    adaptiveTiling: 0
  m_AutoTiling: 0
  serializedVersion: 2
  m_Size: {x: 1, y: 1}
  m_EdgeRadius: 0
--- !u!114 &1811489562
MonoBehaviour:
  m_ObjectHideFlags: 0
  m_PrefabParentObject: {fileID: 0}
  m_PrefabInternal: {fileID: 0}
  m_GameObject: {fileID: 1811489559}
  m_Enabled: 1
  m_EditorHideFlags: 0
  m_Script: {fileID: 11500000, guid: 61d3ed8e01186c04ea88eec885bdd701, type: 3}
  m_Name: 
  m_EditorClassIdentifier: 
--- !u!4 &1826069965 stripped
Transform:
  m_PrefabParentObject: {fileID: 4739660998749182, guid: 685532fd5cc7e9a448566cc96bd48086,
    type: 2}
  m_PrefabInternal: {fileID: 628740393}
--- !u!1001 &1894158870
Prefab:
  m_ObjectHideFlags: 0
  serializedVersion: 2
  m_Modification:
    m_TransformParent: {fileID: 0}
    m_Modifications:
    - target: {fileID: 4780512004098508, guid: be578f2c3fde6784ab1cd7c8f4497d22, type: 2}
      propertyPath: m_LocalPosition.x
      value: -6.51
      objectReference: {fileID: 0}
    - target: {fileID: 4780512004098508, guid: be578f2c3fde6784ab1cd7c8f4497d22, type: 2}
      propertyPath: m_LocalPosition.y
      value: -3.67
      objectReference: {fileID: 0}
    - target: {fileID: 4780512004098508, guid: be578f2c3fde6784ab1cd7c8f4497d22, type: 2}
      propertyPath: m_LocalPosition.z
      value: -0.05184686
      objectReference: {fileID: 0}
    - target: {fileID: 4780512004098508, guid: be578f2c3fde6784ab1cd7c8f4497d22, type: 2}
      propertyPath: m_LocalRotation.x
      value: -0
      objectReference: {fileID: 0}
    - target: {fileID: 4780512004098508, guid: be578f2c3fde6784ab1cd7c8f4497d22, type: 2}
      propertyPath: m_LocalRotation.y
      value: -0
      objectReference: {fileID: 0}
    - target: {fileID: 4780512004098508, guid: be578f2c3fde6784ab1cd7c8f4497d22, type: 2}
      propertyPath: m_LocalRotation.z
      value: -0.3601234
      objectReference: {fileID: 0}
    - target: {fileID: 4780512004098508, guid: be578f2c3fde6784ab1cd7c8f4497d22, type: 2}
      propertyPath: m_LocalRotation.w
      value: 0.93290466
      objectReference: {fileID: 0}
    - target: {fileID: 4780512004098508, guid: be578f2c3fde6784ab1cd7c8f4497d22, type: 2}
      propertyPath: m_RootOrder
      value: 2
      objectReference: {fileID: 0}
    - target: {fileID: 61856661747491958, guid: be578f2c3fde6784ab1cd7c8f4497d22,
        type: 2}
      propertyPath: m_IsTrigger
      value: 1
      objectReference: {fileID: 0}
    - target: {fileID: 61856661747491958, guid: be578f2c3fde6784ab1cd7c8f4497d22,
        type: 2}
      propertyPath: m_SpriteTilingProperty.pivot.x
      value: 0.5
      objectReference: {fileID: 0}
    - target: {fileID: 61856661747491958, guid: be578f2c3fde6784ab1cd7c8f4497d22,
        type: 2}
      propertyPath: m_SpriteTilingProperty.pivot.y
      value: 0.5
      objectReference: {fileID: 0}
    - target: {fileID: 61856661747491958, guid: be578f2c3fde6784ab1cd7c8f4497d22,
        type: 2}
      propertyPath: m_SpriteTilingProperty.oldSize.x
      value: 0.67
      objectReference: {fileID: 0}
    - target: {fileID: 61856661747491958, guid: be578f2c3fde6784ab1cd7c8f4497d22,
        type: 2}
      propertyPath: m_SpriteTilingProperty.oldSize.y
      value: 0.39
      objectReference: {fileID: 0}
    - target: {fileID: 61856661747491958, guid: be578f2c3fde6784ab1cd7c8f4497d22,
        type: 2}
      propertyPath: m_SpriteTilingProperty.newSize.x
      value: 0.67
      objectReference: {fileID: 0}
    - target: {fileID: 61856661747491958, guid: be578f2c3fde6784ab1cd7c8f4497d22,
        type: 2}
      propertyPath: m_SpriteTilingProperty.newSize.y
      value: 0.39
      objectReference: {fileID: 0}
    - target: {fileID: 61856661747491958, guid: be578f2c3fde6784ab1cd7c8f4497d22,
        type: 2}
      propertyPath: m_SpriteTilingProperty.adaptiveTilingThreshold
      value: 0.5
      objectReference: {fileID: 0}
    - target: {fileID: 61856661747491958, guid: be578f2c3fde6784ab1cd7c8f4497d22,
        type: 2}
      propertyPath: m_Size.x
      value: 0.67
      objectReference: {fileID: 0}
    - target: {fileID: 61856661747491958, guid: be578f2c3fde6784ab1cd7c8f4497d22,
        type: 2}
      propertyPath: m_Size.y
      value: 0.39
      objectReference: {fileID: 0}
    - target: {fileID: 4780512004098508, guid: be578f2c3fde6784ab1cd7c8f4497d22, type: 2}
      propertyPath: m_LocalEulerAnglesHint.z
      value: -42.216003
      objectReference: {fileID: 0}
    - target: {fileID: 1975444261527532, guid: be578f2c3fde6784ab1cd7c8f4497d22, type: 2}
      propertyPath: m_Name
      value: Pedestrian
      objectReference: {fileID: 0}
    m_RemovedComponents:
    - {fileID: 23548820369857860, guid: be578f2c3fde6784ab1cd7c8f4497d22, type: 2}
    - {fileID: 33842128073504592, guid: be578f2c3fde6784ab1cd7c8f4497d22, type: 2}
    - {fileID: 114175303595660714, guid: be578f2c3fde6784ab1cd7c8f4497d22, type: 2}
  m_ParentPrefab: {fileID: 100100000, guid: be578f2c3fde6784ab1cd7c8f4497d22, type: 2}
  m_IsPrefabParent: 0
--- !u!1 &1897930585
GameObject:
  m_ObjectHideFlags: 0
  m_PrefabParentObject: {fileID: 0}
  m_PrefabInternal: {fileID: 0}
  serializedVersion: 5
  m_Component:
  - component: {fileID: 1897930587}
  - component: {fileID: 1897930586}
  m_Layer: 0
  m_Name: Park
  m_TagString: Untagged
  m_Icon: {fileID: 0}
  m_NavMeshLayer: 0
  m_StaticEditorFlags: 0
  m_IsActive: 1
--- !u!212 &1897930586
SpriteRenderer:
  m_ObjectHideFlags: 0
  m_PrefabParentObject: {fileID: 0}
  m_PrefabInternal: {fileID: 0}
  m_GameObject: {fileID: 1897930585}
  m_Enabled: 1
  m_CastShadows: 0
  m_ReceiveShadows: 0
  m_DynamicOccludee: 1
  m_MotionVectors: 1
  m_LightProbeUsage: 1
  m_ReflectionProbeUsage: 1
  m_Materials:
  - {fileID: 10754, guid: 0000000000000000f000000000000000, type: 0}
  m_StaticBatchInfo:
    firstSubMesh: 0
    subMeshCount: 0
  m_StaticBatchRoot: {fileID: 0}
  m_ProbeAnchor: {fileID: 0}
  m_LightProbeVolumeOverride: {fileID: 0}
  m_ScaleInLightmap: 1
  m_PreserveUVs: 0
  m_IgnoreNormalsForChartDetection: 0
  m_ImportantGI: 0
  m_StitchLightmapSeams: 0
  m_SelectedEditorRenderState: 0
  m_MinimumChartSize: 4
  m_AutoUVMaxDistance: 0.5
  m_AutoUVMaxAngle: 89
  m_LightmapParameters: {fileID: 0}
  m_SortingLayerID: 0
  m_SortingLayer: 0
  m_SortingOrder: 0
  m_Sprite: {fileID: 21300000, guid: 7db3188dc5c3cfa468ec17231fa6735d, type: 3}
  m_Color: {r: 1, g: 1, b: 1, a: 1}
  m_FlipX: 0
  m_FlipY: 0
  m_DrawMode: 0
  m_Size: {x: 19.2, y: 10.8}
  m_AdaptiveModeThreshold: 0.5
  m_SpriteTileMode: 0
  m_WasSpriteAssigned: 1
  m_MaskInteraction: 0
--- !u!4 &1897930587
Transform:
  m_ObjectHideFlags: 0
  m_PrefabParentObject: {fileID: 0}
  m_PrefabInternal: {fileID: 0}
  m_GameObject: {fileID: 1897930585}
  m_LocalRotation: {x: 0, y: 0, z: 0, w: 1}
  m_LocalPosition: {x: -0.02, y: -0.01, z: 0}
  m_LocalScale: {x: 0.8424258, y: 0.9305543, z: 0.84416026}
  m_Children: []
  m_Father: {fileID: 0}
  m_RootOrder: 5
  m_LocalEulerAnglesHint: {x: 0, y: 0, z: 0}
--- !u!1 &1905241902
GameObject:
  m_ObjectHideFlags: 0
  m_PrefabParentObject: {fileID: 1101033601701024, guid: 1895904a76154724d8c9530b003a54bb,
    type: 2}
  m_PrefabInternal: {fileID: 0}
  serializedVersion: 5
  m_Component:
  - component: {fileID: 1905241903}
  - component: {fileID: 1905241906}
  - component: {fileID: 1905241905}
  - component: {fileID: 1905241904}
  m_Layer: 0
  m_Name: LeftFrontWheel
  m_TagString: LeftFrontWheel
  m_Icon: {fileID: 0}
  m_NavMeshLayer: 0
  m_StaticEditorFlags: 0
  m_IsActive: 1
--- !u!4 &1905241903
Transform:
  m_ObjectHideFlags: 0
  m_PrefabParentObject: {fileID: 4933400987610520, guid: 1895904a76154724d8c9530b003a54bb,
    type: 2}
  m_PrefabInternal: {fileID: 0}
  m_GameObject: {fileID: 1905241902}
  m_LocalRotation: {x: -0, y: -0, z: -0.7071068, w: 0.7071068}
  m_LocalPosition: {x: -1.9399999, y: 1.91, z: -0.054915998}
  m_LocalScale: {x: 1.0600798, y: 0.55240023, z: 2.599466}
  m_Children: []
  m_Father: {fileID: 1739998430}
  m_RootOrder: 1
  m_LocalEulerAnglesHint: {x: 0, y: 0, z: 0}
--- !u!61 &1905241904
BoxCollider2D:
  m_ObjectHideFlags: 0
  m_PrefabParentObject: {fileID: 61916237810087836, guid: 1895904a76154724d8c9530b003a54bb,
    type: 2}
  m_PrefabInternal: {fileID: 0}
  m_GameObject: {fileID: 1905241902}
  m_Enabled: 1
  m_Density: 1
  m_Material: {fileID: 0}
  m_IsTrigger: 0
  m_UsedByEffector: 0
  m_UsedByComposite: 0
  m_Offset: {x: 0, y: -0.00000071525574}
  m_SpriteTilingProperty:
    border: {x: 0, y: 0, z: 0, w: 0}
    pivot: {x: 0, y: 0}
    oldSize: {x: 0, y: 0}
    newSize: {x: 0, y: 0}
    adaptiveTilingThreshold: 0
    drawMode: 0
    adaptiveTiling: 0
  m_AutoTiling: 0
  serializedVersion: 2
  m_Size: {x: 1.0000005, y: 1.0000005}
  m_EdgeRadius: 0
--- !u!23 &1905241905
MeshRenderer:
  m_ObjectHideFlags: 0
  m_PrefabParentObject: {fileID: 23151054054832006, guid: 1895904a76154724d8c9530b003a54bb,
    type: 2}
  m_PrefabInternal: {fileID: 0}
  m_GameObject: {fileID: 1905241902}
  m_Enabled: 0
  m_CastShadows: 1
  m_ReceiveShadows: 1
  m_DynamicOccludee: 1
  m_MotionVectors: 1
  m_LightProbeUsage: 1
  m_ReflectionProbeUsage: 1
  m_Materials:
  - {fileID: 10303, guid: 0000000000000000f000000000000000, type: 0}
  m_StaticBatchInfo:
    firstSubMesh: 0
    subMeshCount: 0
  m_StaticBatchRoot: {fileID: 0}
  m_ProbeAnchor: {fileID: 0}
  m_LightProbeVolumeOverride: {fileID: 0}
  m_ScaleInLightmap: 1
  m_PreserveUVs: 1
  m_IgnoreNormalsForChartDetection: 0
  m_ImportantGI: 0
  m_StitchLightmapSeams: 0
  m_SelectedEditorRenderState: 3
  m_MinimumChartSize: 4
  m_AutoUVMaxDistance: 0.5
  m_AutoUVMaxAngle: 89
  m_LightmapParameters: {fileID: 0}
  m_SortingLayerID: 0
  m_SortingLayer: 0
  m_SortingOrder: 0
--- !u!33 &1905241906
MeshFilter:
  m_ObjectHideFlags: 0
  m_PrefabParentObject: {fileID: 33522183126230748, guid: 1895904a76154724d8c9530b003a54bb,
    type: 2}
  m_PrefabInternal: {fileID: 0}
  m_GameObject: {fileID: 1905241902}
  m_Mesh: {fileID: 10202, guid: 0000000000000000e000000000000000, type: 0}
--- !u!1001 &1905351416
Prefab:
  m_ObjectHideFlags: 0
  serializedVersion: 2
  m_Modification:
    m_TransformParent: {fileID: 1930234998}
    m_Modifications:
    - target: {fileID: 4739660998749182, guid: 685532fd5cc7e9a448566cc96bd48086, type: 2}
      propertyPath: m_LocalPosition.x
      value: -3.89
      objectReference: {fileID: 0}
    - target: {fileID: 4739660998749182, guid: 685532fd5cc7e9a448566cc96bd48086, type: 2}
      propertyPath: m_LocalPosition.y
      value: -4.69
      objectReference: {fileID: 0}
    - target: {fileID: 4739660998749182, guid: 685532fd5cc7e9a448566cc96bd48086, type: 2}
      propertyPath: m_LocalPosition.z
      value: 0
      objectReference: {fileID: 0}
    - target: {fileID: 4739660998749182, guid: 685532fd5cc7e9a448566cc96bd48086, type: 2}
      propertyPath: m_LocalRotation.x
      value: -0
      objectReference: {fileID: 0}
    - target: {fileID: 4739660998749182, guid: 685532fd5cc7e9a448566cc96bd48086, type: 2}
      propertyPath: m_LocalRotation.y
      value: -0
      objectReference: {fileID: 0}
    - target: {fileID: 4739660998749182, guid: 685532fd5cc7e9a448566cc96bd48086, type: 2}
      propertyPath: m_LocalRotation.z
      value: -0
      objectReference: {fileID: 0}
    - target: {fileID: 4739660998749182, guid: 685532fd5cc7e9a448566cc96bd48086, type: 2}
      propertyPath: m_LocalRotation.w
      value: 1
      objectReference: {fileID: 0}
    - target: {fileID: 4739660998749182, guid: 685532fd5cc7e9a448566cc96bd48086, type: 2}
      propertyPath: m_RootOrder
      value: 3
      objectReference: {fileID: 0}
    - target: {fileID: 1947174231157208, guid: 685532fd5cc7e9a448566cc96bd48086, type: 2}
      propertyPath: m_Name
      value: Point 4
      objectReference: {fileID: 0}
    m_RemovedComponents:
    - {fileID: 23770820819713648, guid: 685532fd5cc7e9a448566cc96bd48086, type: 2}
    - {fileID: 33806743021704008, guid: 685532fd5cc7e9a448566cc96bd48086, type: 2}
    - {fileID: 114009373809070980, guid: 685532fd5cc7e9a448566cc96bd48086, type: 2}
    - {fileID: 61537122229262602, guid: 685532fd5cc7e9a448566cc96bd48086, type: 2}
  m_ParentPrefab: {fileID: 100100000, guid: 685532fd5cc7e9a448566cc96bd48086, type: 2}
  m_IsPrefabParent: 0
--- !u!1 &1930234997
GameObject:
  m_ObjectHideFlags: 0
  m_PrefabParentObject: {fileID: 0}
  m_PrefabInternal: {fileID: 0}
  serializedVersion: 5
  m_Component:
  - component: {fileID: 1930234998}
  m_Layer: 0
  m_Name: Waypoint dog
  m_TagString: Untagged
  m_Icon: {fileID: 0}
  m_NavMeshLayer: 0
  m_StaticEditorFlags: 0
  m_IsActive: 1
--- !u!4 &1930234998
Transform:
  m_ObjectHideFlags: 0
  m_PrefabParentObject: {fileID: 0}
  m_PrefabInternal: {fileID: 0}
  m_GameObject: {fileID: 1930234997}
  m_LocalRotation: {x: -0, y: -0, z: -0, w: 1}
  m_LocalPosition: {x: -1.7692127, y: 1.63, z: -0.05184686}
  m_LocalScale: {x: 1, y: 1, z: 1}
  m_Children:
  - {fileID: 436664217}
  - {fileID: 24325480}
  - {fileID: 1826069965}
  - {fileID: 686148837}
  m_Father: {fileID: 0}
  m_RootOrder: 9
  m_LocalEulerAnglesHint: {x: 0, y: 0, z: 0}
--- !u!1001 &1985332953
Prefab:
  m_ObjectHideFlags: 0
  serializedVersion: 2
  m_Modification:
    m_TransformParent: {fileID: 1930234998}
    m_Modifications:
    - target: {fileID: 4739660998749182, guid: 685532fd5cc7e9a448566cc96bd48086, type: 2}
      propertyPath: m_LocalPosition.x
      value: 9.46
      objectReference: {fileID: 0}
    - target: {fileID: 4739660998749182, guid: 685532fd5cc7e9a448566cc96bd48086, type: 2}
      propertyPath: m_LocalPosition.y
      value: -0.54
      objectReference: {fileID: 0}
    - target: {fileID: 4739660998749182, guid: 685532fd5cc7e9a448566cc96bd48086, type: 2}
      propertyPath: m_LocalPosition.z
      value: 0
      objectReference: {fileID: 0}
    - target: {fileID: 4739660998749182, guid: 685532fd5cc7e9a448566cc96bd48086, type: 2}
      propertyPath: m_LocalRotation.x
      value: -0
      objectReference: {fileID: 0}
    - target: {fileID: 4739660998749182, guid: 685532fd5cc7e9a448566cc96bd48086, type: 2}
      propertyPath: m_LocalRotation.y
      value: -0
      objectReference: {fileID: 0}
    - target: {fileID: 4739660998749182, guid: 685532fd5cc7e9a448566cc96bd48086, type: 2}
      propertyPath: m_LocalRotation.z
      value: -0
      objectReference: {fileID: 0}
    - target: {fileID: 4739660998749182, guid: 685532fd5cc7e9a448566cc96bd48086, type: 2}
      propertyPath: m_LocalRotation.w
      value: 1
      objectReference: {fileID: 0}
    - target: {fileID: 4739660998749182, guid: 685532fd5cc7e9a448566cc96bd48086, type: 2}
      propertyPath: m_RootOrder
      value: 1
      objectReference: {fileID: 0}
    - target: {fileID: 1947174231157208, guid: 685532fd5cc7e9a448566cc96bd48086, type: 2}
      propertyPath: m_Name
      value: Point 2
      objectReference: {fileID: 0}
    m_RemovedComponents:
    - {fileID: 23770820819713648, guid: 685532fd5cc7e9a448566cc96bd48086, type: 2}
    - {fileID: 33806743021704008, guid: 685532fd5cc7e9a448566cc96bd48086, type: 2}
    - {fileID: 114009373809070980, guid: 685532fd5cc7e9a448566cc96bd48086, type: 2}
    - {fileID: 61537122229262602, guid: 685532fd5cc7e9a448566cc96bd48086, type: 2}
  m_ParentPrefab: {fileID: 100100000, guid: 685532fd5cc7e9a448566cc96bd48086, type: 2}
  m_IsPrefabParent: 0
--- !u!1 &2038226604
GameObject:
  m_ObjectHideFlags: 0
  m_PrefabParentObject: {fileID: 0}
  m_PrefabInternal: {fileID: 0}
  serializedVersion: 5
  m_Component:
  - component: {fileID: 2038226606}
  - component: {fileID: 2038226605}
  m_Layer: 0
  m_Name: ParkingSpotFront
  m_TagString: Untagged
  m_Icon: {fileID: 0}
  m_NavMeshLayer: 0
  m_StaticEditorFlags: 0
  m_IsActive: 1
--- !u!212 &2038226605
SpriteRenderer:
  m_ObjectHideFlags: 0
  m_PrefabParentObject: {fileID: 0}
  m_PrefabInternal: {fileID: 0}
  m_GameObject: {fileID: 2038226604}
  m_Enabled: 1
  m_CastShadows: 0
  m_ReceiveShadows: 0
  m_DynamicOccludee: 1
  m_MotionVectors: 1
  m_LightProbeUsage: 1
  m_ReflectionProbeUsage: 1
  m_Materials:
  - {fileID: 10754, guid: 0000000000000000f000000000000000, type: 0}
  m_StaticBatchInfo:
    firstSubMesh: 0
    subMeshCount: 0
  m_StaticBatchRoot: {fileID: 0}
  m_ProbeAnchor: {fileID: 0}
  m_LightProbeVolumeOverride: {fileID: 0}
  m_ScaleInLightmap: 1
  m_PreserveUVs: 0
  m_IgnoreNormalsForChartDetection: 0
  m_ImportantGI: 0
  m_StitchLightmapSeams: 0
  m_SelectedEditorRenderState: 0
  m_MinimumChartSize: 4
  m_AutoUVMaxDistance: 0.5
  m_AutoUVMaxAngle: 89
  m_LightmapParameters: {fileID: 0}
  m_SortingLayerID: 680400593
  m_SortingLayer: 2
  m_SortingOrder: 0
  m_Sprite: {fileID: 21300000, guid: 759a4a3c4fc1f8544acd251b6f1a3cb6, type: 3}
  m_Color: {r: 1, g: 1, b: 1, a: 1}
  m_FlipX: 0
  m_FlipY: 0
  m_DrawMode: 0
  m_Size: {x: 3.36, y: 3.36}
  m_AdaptiveModeThreshold: 0.5
  m_SpriteTileMode: 0
  m_WasSpriteAssigned: 1
  m_MaskInteraction: 0
--- !u!4 &2038226606
Transform:
  m_ObjectHideFlags: 0
  m_PrefabParentObject: {fileID: 0}
  m_PrefabInternal: {fileID: 0}
  m_GameObject: {fileID: 2038226604}
  m_LocalRotation: {x: 0, y: 0, z: 0, w: 1}
  m_LocalPosition: {x: -6.69, y: 3.82, z: 0}
  m_LocalScale: {x: 0.6663495, y: 0.6663495, z: 0.6663495}
  m_Children: []
  m_Father: {fileID: 0}
  m_RootOrder: 6
  m_LocalEulerAnglesHint: {x: 0, y: 0, z: 0}
--- !u!1 &2059948027
GameObject:
  m_ObjectHideFlags: 0
  m_PrefabParentObject: {fileID: 0}
  m_PrefabInternal: {fileID: 0}
  serializedVersion: 5
  m_Component:
  - component: {fileID: 2059948031}
  - component: {fileID: 2059948030}
  - component: {fileID: 2059948029}
  - component: {fileID: 2059948028}
  m_Layer: 0
  m_Name: Main Camera
  m_TagString: MainCamera
  m_Icon: {fileID: 0}
  m_NavMeshLayer: 0
  m_StaticEditorFlags: 0
  m_IsActive: 1
--- !u!81 &2059948028
AudioListener:
  m_ObjectHideFlags: 0
  m_PrefabParentObject: {fileID: 0}
  m_PrefabInternal: {fileID: 0}
  m_GameObject: {fileID: 2059948027}
  m_Enabled: 1
--- !u!124 &2059948029
Behaviour:
  m_ObjectHideFlags: 0
  m_PrefabParentObject: {fileID: 0}
  m_PrefabInternal: {fileID: 0}
  m_GameObject: {fileID: 2059948027}
  m_Enabled: 1
--- !u!20 &2059948030
Camera:
  m_ObjectHideFlags: 0
  m_PrefabParentObject: {fileID: 0}
  m_PrefabInternal: {fileID: 0}
  m_GameObject: {fileID: 2059948027}
  m_Enabled: 1
  serializedVersion: 2
  m_ClearFlags: 1
  m_BackGroundColor: {r: 0.19215687, g: 0.3019608, b: 0.4745098, a: 0}
  m_NormalizedViewPortRect:
    serializedVersion: 2
    x: 0
    y: 0
    width: 1
    height: 1
  near clip plane: 0.3
  far clip plane: 1000
  field of view: 60
  orthographic: 1
  orthographic size: 5
  m_Depth: -1
  m_CullingMask:
    serializedVersion: 2
    m_Bits: 4294967295
  m_RenderingPath: -1
  m_TargetTexture: {fileID: 0}
  m_TargetDisplay: 0
  m_TargetEye: 3
  m_HDR: 1
  m_AllowMSAA: 1
  m_AllowDynamicResolution: 0
  m_ForceIntoRT: 0
  m_OcclusionCulling: 1
  m_StereoConvergence: 10
  m_StereoSeparation: 0.022
--- !u!4 &2059948031
Transform:
  m_ObjectHideFlags: 0
  m_PrefabParentObject: {fileID: 0}
  m_PrefabInternal: {fileID: 0}
  m_GameObject: {fileID: 2059948027}
  m_LocalRotation: {x: 0, y: 0, z: 0, w: 1}
  m_LocalPosition: {x: 0, y: 0, z: -10}
  m_LocalScale: {x: 1, y: 1, z: 1}
  m_Children: []
  m_Father: {fileID: 0}
  m_RootOrder: 0
  m_LocalEulerAnglesHint: {x: 0, y: 0, z: 0}
